@article{Sarkar2015AProteins,
    title = {{A simple method for discovering druggable, specific glycosaminoglycan-protein systems. Elucidation of key principles from heparin/heparan sulfate-binding proteins}},
    year = {2015},
    journal = {PLoS ONE},
    author = {Sarkar, Aurijit and Desai, Umesh R.},
    number = {10},
    pages = {1--18},
    volume = {10},
    doi = {10.1371/journal.pone.0141127},
    issn = {19326203},
    pmid = {26488293}
}

@article{McLaurin1999ANeurotoxicity.,
    title = {{A sulfated proteoglycan aggregation factor mediates amyloid-beta peptide fibril formation and neurotoxicity.}},
    year = {1999},
    journal = {Amyloid : the international journal of experimental and clinical investigation : the official journal of the International Society of Amyloidosis},
    author = {McLaurin, J and Franklin, T and Kuhns, W J and Fraser, P E},
    number = {4},
    month = {12},
    pages = {233--43},
    volume = {6},
    url = {http://www.ncbi.nlm.nih.gov/pubmed/10611943},
    issn = {1350-6129},
    pmid = {10611943}
}

@article{Csonka2011AccurateExtrapolation,
    title = {{Accurate conformational energy differences of carbohydrates: A complete basis set extrapolation}},
    year = {2011},
    journal = {Journal of Chemical Theory and Computation},
    author = {Csonka, Gábor I. and Kaminsky, Jakub},
    isbn = {1549-9618},
    doi = {10.1021/ct200007x},
    issn = {15499618}
}

@article{Feyzi1998Age-dependentFunction,
    title = {{Age-dependent Modulation of Heparan Sulfate Structure and Function}},
    year = {1998},
    journal = {Journal of Biological Chemistry},
    author = {Feyzi, Emadoldin and Saldeen, Tom and Larsson, Erik and Lindahl, Ulf and Salmivirta, Markku},
    number = {22},
    month = {5},
    pages = {13395--13398},
    volume = {273},
    url = {http://www.jbc.org/lookup/doi/10.1074/jbc.273.22.13395},
    doi = {10.1074/jbc.273.22.13395},
    issn = {0021-9258}
}

@article{Shionyu-Mitsuyama2003AnProteins,
    title = {{An empirical approach for structure-based prediction of carbohydrate-binding sites on proteins}},
    year = {2003},
    journal = {Protein Engineering Design and Selection},
    author = {Shionyu-Mitsuyama, C. and Shirai, T. and Ishida, H. and Yamane, T.},
    number = {7},
    month = {7},
    pages = {467--478},
    volume = {16},
    publisher = {Oxford University Press},
    url = {https://academic.oup.com/peds/article-lookup/doi/10.1093/protein/gzg065},
    doi = {10.1093/protein/gzg065},
    issn = {1741-0126}
}

@article{Taroni2000AnalysisSites,
    title = {{Analysis and prediction of carbohydrate binding sites}},
    year = {2000},
    journal = {Protein Engineering, Design and Selection},
    author = {Taroni, Chiara and Jones, Susan and Thornton, Janet M.},
    number = {2},
    month = {2},
    pages = {89--98},
    volume = {13},
    publisher = {Oxford University Press},
    url = {https://academic.oup.com/peds/article-lookup/doi/10.1093/protein/13.2.89},
    doi = {10.1093/protein/13.2.89},
    issn = {1741-0134}
}

@article{Marianski2016Assessing-Maltose,
    title = {{Assessing the Accuracy of Across-the-Scale Methods for Predicting Carbohydrate Conformational Energies for the Examples of Glucose and {$\alpha$}-Maltose}},
    year = {2016},
    journal = {Journal of Chemical Theory and Computation},
    author = {Marianski, Mateusz and Supady, Adriana and Ingram, Teresa and Schneider, Markus and Baldauf, Carsten},
    doi = {10.1021/acs.jctc.6b00876},
    issn = {15499626}
}

@article{Kerzmann2008BALLDock/SLICK:Docking,
    title = {{BALLDock/SLICK: A new method for protein-carbohydrate docking}},
    year = {2008},
    journal = {Journal of Chemical Information and Modeling},
    author = {Kerzmann, Andreas and Fuhrmann, Jan and Kohlbacher, Oliver and Neumann, Dirk},
    isbn = {9781493923434},
    doi = {10.1021/ci800103u},
    issn = {15499596},
    pmid = {18646839}
}

@article{Kerzmann2008BALLDock/SLICK:Dockingb,
    title = {{BALLDock/SLICK: A new method for protein-carbohydrate docking}},
    year = {2008},
    journal = {Journal of Chemical Information and Modeling},
    author = {Kerzmann, Andreas and Fuhrmann, Jan and Kohlbacher, Oliver and Neumann, Dirk},
    isbn = {9781493923434},
    doi = {10.1021/ci800103u},
    issn = {15499596},
    pmid = {18646839}
}

@article{Makeneni2014BFMP:Conformations,
    title = {{BFMP: A method for discretizing and visualizing pyranose conformations}},
    year = {2014},
    journal = {Journal of Chemical Information and Modeling},
    author = {Makeneni, Spandana and Foley, B. Lachele and Woods, Robert J.},
    isbn = {1549-960X (Electronic){\textbackslash}n1549-9596 (Linking)},
    doi = {10.1021/ci500325b},
    issn = {15205142},
    pmid = {25289680}
}

@article{Gandhi2010CanStudy,
    title = {{Can current force fields reproduce ring puckering in 2-O-sulfo-{$\alpha$}-l-iduronic acid? A molecular dynamics simulation study}},
    year = {2010},
    journal = {Carbohydrate Research},
    author = {Gandhi, Neha S. and Mancera, Ricardo L.},
    number = {5},
    pages = {689--695},
    volume = {345},
    publisher = {Elsevier Ltd},
    url = {http://dx.doi.org/10.1016/j.carres.2009.12.020},
    isbn = {0008-6215},
    doi = {10.1016/j.carres.2009.12.020},
    issn = {00086215},
    pmid = {20097328},
    keywords = {GLYCAM, GROMOS, Iduronic acid, Molecular dynamics, Puckering}
}

@article{Nivedha2015CarbohydrateChaff,
    title = {{Carbohydrate Docking : Sorting the Wheat from the Chaff}},
    year = {2015},
    author = {Nivedha, Anita K and Makeneni, Spandana and Foley, B Lachele and Tessier, Matthew B and Woods, Robert J},
    number = {7},
    pages = {526--539},
    volume = {35},
    doi = {10.1002/jcc.23517.The}
}

@article{Asensio2013Carbohydrate-aromaticInteractions,
    title = {{Carbohydrate-aromatic interactions}},
    year = {2013},
    journal = {Accounts of Chemical Research},
    author = {Asensio, Juan Luis and Ard{\'{a}}, Ana and Ca{\~{n}}ada, Francisco Javier and Jim{\'{e}}nez-Barbero, Jesús},
    isbn = {0001-4842},
    doi = {10.1021/ar300024d},
    issn = {00014842},
    pmid = {22704792}
}

@article{Comeau2007ClusPro:Server,
    title = {{ClusPro: Performance in CAPRI rounds 6-11 and the new server}},
    year = {2007},
    journal = {Proteins: Structure, Function, and Bioinformatics},
    author = {Comeau, Stephen R. and Kozakov, Dima and Brenke, Ryan and Shen, Yang and Beglov, Dmitri and Vajda, Sandor},
    number = {4},
    month = {9},
    pages = {781--785},
    volume = {69},
    url = {http://www.ncbi.nlm.nih.gov/pubmed/17876812 http://doi.wiley.com/10.1002/prot.21795},
    doi = {10.1002/prot.21795},
    issn = {08873585},
    pmid = {17876812}
}

@article{Comeau2007ClusPro:Serverb,
    title = {{ClusPro: Performance in CAPRI rounds 6-11 and the new server}},
    year = {2007},
    journal = {Proteins: Structure, Function, and Bioinformatics},
    author = {Comeau, Stephen R. and Kozakov, Dima and Brenke, Ryan and Shen, Yang and Beglov, Dmitri and Vajda, Sandor},
    number = {4},
    month = {9},
    pages = {781--785},
    volume = {69},
    publisher = {Wiley-Blackwell},
    url = {http://doi.wiley.com/10.1002/prot.21795},
    doi = {10.1002/prot.21795},
    issn = {08873585},
    keywords = {discrimination by clustering, docking server, fast fourier transform correlation method, protein docking, web‐based computing}
}

@article{Samsonov2016ComputationalComplexes,
    title = {{Computational analysis of interactions in structurally available protein-glycosaminoglycan complexes}},
    year = {2016},
    journal = {Glycobiology},
    author = {Samsonov, Sergey A. and Pisabarro, M. Teresa},
    number = {8},
    pages = {850--861},
    volume = {26},
    doi = {10.1093/glycob/cww055},
    issn = {14602423},
    pmid = {27496767},
    keywords = {MM-GBSA, docking, electrostatic potential, molecular dynamics, protein-glycosaminoglycan interactions}
}

@article{Babik2017ComputationalEvaluation,
    title = {{Computational drill down on FGF1-heparin interactions through methodological evaluation}},
    year = {2017},
    journal = {Glycoconjugate Journal},
    author = {Babik, Sándor and Samsonov, Sergey A. and Pisabarro, M. Teresa},
    number = {3},
    pages = {427--440},
    volume = {34},
    publisher = {Glycoconjugate Journal},
    doi = {10.1007/s10719-016-9745-4},
    issn = {15734986},
    keywords = {Docking, FGF, GAG, Heparin, MM-GBSA, Molecular dynamics, Site-mapping}
}

@article{Huang1999CrystalResolution,
    title = {{Crystal structure of chondroitinase B from Flavobacterium heparinum and its complex with a disaccharide product at 1.7 {\AA} resolution}},
    year = {1999},
    journal = {Journal of Molecular Biology},
    author = {Huang, Weijun and Matte, Allan and Li, Yunge and Kim, Yeong Shik and Linhardt, Robert J. and Su, Hongsheng and Cygler, Miroslaw},
    isbn = {0022-2836 (Print) 0022-2836 (Linking)},
    doi = {10.1006/jmbi.1999.3292},
    issn = {00222836},
    pmid = {10600383},
    keywords = {Flavobacterium heparinum, Glycosaminoglycan, Lyase, {$\beta$}-helix}
}

@article{Shaya2006CrystalProduct,
    title = {{Crystal structure of heparinase II from Pedobacter heparinus and its complex with a disaccharide product}},
    year = {2006},
    journal = {Journal of Biological Chemistry},
    author = {Shaya, David and Tocilj, Ante and Li, Yunge and Myette, James and Venkataraman, Ganesh and Sasisekharan, Ram and Cygler, Miroslaw},
    number = {22},
    pages = {15525--15535},
    volume = {281},
    isbn = {0021-9258 (Print){\textbackslash}r0021-9258 (Linking)},
    doi = {10.1074/jbc.M512055200},
    issn = {00219258},
    pmid = {16565082}
}

@article{Li2012CrystalMechanism,
    title = {{Crystal structures of protease nexin-1 in complex with heparin and thrombin suggest a 2-step recognition mechanism}},
    year = {2012},
    journal = {Blood},
    author = {Li, Wei and Huntington, James A.},
    number = {2},
    pages = {459--467},
    volume = {120},
    isbn = {1528-0020 (Electronic){\textbackslash}r0006-4971 (Linking)},
    doi = {10.1182/blood-2012-03-415869},
    issn = {00064971},
    pmid = {22618708}
}

@article{Agostino2014DevelopmentGlycosaminoglycans,
    title = {{Development and application of site mapping methods for the design of glycosaminoglycans}},
    year = {2014},
    journal = {Glycobiology},
    author = {Agostino, Mark and Gandhi, Neha S. and Mancera, Ricardo L.},
    number = {9},
    pages = {840--851},
    volume = {24},
    doi = {10.1093/glycob/cwu045},
    issn = {14602423},
    pmid = {24859723},
    keywords = {glycosaminoglycans, interaction analysis, molecular docking, site mapping, virtual screening}
}

@article{Moustakas2006Development5,
    title = {{Development and validation of a modular, extensible docking program: DOCK 5}},
    year = {2006},
    journal = {Journal of Computer-Aided Molecular Design},
    author = {Moustakas, Demetri T. and Lang, P. Therese and Pegg, Scott and Pettersen, Eric and Kuntz, Irwin D. and Brooijmans, Natasja and Rizzo, Robert C.},
    isbn = {0920-654X},
    doi = {10.1007/s10822-006-9060-4},
    issn = {0920654X},
    pmid = {17149653},
    keywords = {Automated docking, Binding mode prediction, Flexible docking, Incremental construction, Scoring functions, Structure-based drug design, Validation}
}

@article{Hu2012DivergentInteraction,
    title = {{Divergent synthesis of 48 heparan sulfate-based disaccharides and probing the specific sugar-fibroblast growth factor-1 interaction}},
    year = {2012},
    journal = {Journal of the American Chemical Society},
    author = {Hu, Yu Peng and Zhong, Yong Qing and Chen, Zhi Geng and Chen, Chun Yen and Shi, Zhonghao and Zulueta, Medel Manuel L and Ku, Chiao Chu and Lee, Pei Ying and Wang, Cheng Chung and Hung, Shang Cheng},
    number = {51},
    pages = {20722--20727},
    volume = {134},
    isbn = {1520-5126 (Electronic){\textbackslash}r0002-7863 (Linking)},
    doi = {10.1021/ja3090065},
    issn = {00027863},
    pmid = {23240683}
}

@article{Mottarella2014DockingProteins,
    title = {{Docking server for the identification of heparin binding sites on proteins}},
    year = {2014},
    journal = {Journal of Chemical Information and Modeling},
    author = {Mottarella, Scott E. and Beglov, Dmitri and Beglova, Natalia and Nugent, Matthew A. and Kozakov, Dima and Vajda, Sandor},
    isbn = {1549-9596},
    doi = {10.1021/ci500115j},
    issn = {15205142},
    pmid = {24974889}
}

@article{Mottarella2014DockingProteinsb,
    title = {{Docking Server for the Identification of Heparin Binding Sites on Proteins}},
    year = {2014},
    journal = {Journal of Chemical Information and Modeling},
    author = {Mottarella, Scott E. and Beglov, Dmitri and Beglova, Natalia and Nugent, Matthew A. and Kozakov, Dima and Vajda, Sandor},
    number = {7},
    month = {7},
    pages = {2068--2078},
    volume = {54},
    url = {http://www.ncbi.nlm.nih.gov/pubmed/24974889 http://www.pubmedcentral.nih.gov/articlerender.fcgi?artid=PMC4184157 http://pubs.acs.org/doi/10.1021/ci500115j},
    doi = {10.1021/ci500115j},
    issn = {1549-9596},
    pmid = {24974889}
}

@article{Ferro1986EvidenceStudies,
    title = {{Evidence for Conformational Equilibrium of the Sulfated L-Iduronate Residue in Heparin and in Synthetic Heparin Mono- and Oligosaccharides: NMR and Force-Field Studies}},
    year = {1986},
    journal = {Journal of the American Chemical Society},
    author = {Ferro, Dino R. and Provasoli, Augusto and Ragazzi, Massimo and Torri, Giangiacomo and Casu, Benito and Gatti, Giuseppe and Jacquinet, Jean Claude and Sina{\"{y}}, Pierre and Petitou, Maurice and Choay, Jean},
    number = {21},
    pages = {6773--6778},
    volume = {108},
    isbn = {0002-7863},
    doi = {10.1021/ja00281a052},
    issn = {15205126}
}

@article{Guimond1999FibroblastSaccharides.,
    title = {{Fibroblast growth factor receptor signalling is dictated by specific heparan sulphate saccharides.}},
    year = {1999},
    journal = {Current biology : CB},
    author = {Guimond, S E and Turnbull, J E},
    number = {22},
    month = {11},
    pages = {1343--6},
    volume = {9},
    url = {http://www.ncbi.nlm.nih.gov/pubmed/10574766},
    doi = {10.1016/s0960-9822(00)80060-3},
    issn = {0960-9822},
    pmid = {10574766}
}

@article{Gandhi2009FreeInteractions,
    title = {{Free energy calculations of glycosaminoglycan - Protein interactions}},
    year = {2009},
    journal = {Glycobiology},
    author = {Gandhi, Neha S. and Mancera, Ricardo L.},
    number = {10},
    pages = {1103--1115},
    volume = {19},
    doi = {10.1093/glycob/cwp101},
    issn = {09596658},
    pmid = {19643843},
    keywords = {AMBER, Annexin, GLYCAM, Heparin, PECAM-1}
}

@article{Kirschner2008GLYCAM06:Carbohydrates,
    title = {{GLYCAM06: A generalizable biomolecular force field. carbohydrates}},
    year = {2008},
    journal = {Journal of Computational Chemistry},
    author = {Kirschner, Karl N. and Yongye, Austin B. and Tschampel, Sarah M. and Gonz{\'{a}}lez-Outeiri{\~{n}}o, Jorge and Daniels, Charlisa R. and Foley, B. Lachele and Woods, Robert J.},
    isbn = {0192-8651},
    doi = {10.1002/jcc.20820},
    issn = {01928651},
    pmid = {17849372},
    arxivId = {NIHMS150003},
    keywords = {AMBER, Carbohydrate, Force field, GLYCAM, Molecular dynamics, Parameter development}
}

@article{Lamberg1974Glycosaminoglycans.Unive,
    title = {{Glycosaminoglycans. A Biochemical and Clinical Review††From the Departments of Medicine, Pediatrics, and Biochemistry, The Joseph P. Kennedy Jr. Mental Retardation Center, and the LaRabida-University of Chicago Institute, Pritzer School of Medicine, Unive}},
    year = {1974},
    journal = {Journal of Investigative Dermatology},
    author = {Lamberg, Stanford I. and Stoolmiller, Allen C.},
    number = {6},
    pages = {433--449},
    volume = {63},
    url = {http://linkinghub.elsevier.com/retrieve/pii/S0022202X15444100},
    doi = {10.1111/1523-1747.ep12680346},
    issn = {0022202X}
}

@article{Zong2017HeparanRequirements,
    title = {{Heparan Sulfate Microarray Reveals That Heparan Sulfate-Protein Binding Exhibits Different Ligand Requirements}},
    year = {2017},
    journal = {Journal of the American Chemical Society},
    author = {Zong, Chengli and Venot, Andre and Li, Xiuru and Lu, Weigang and Xiao, Wenyuan and Wilkes, Jo Setti L. and Salanga, Catherina L. and Handel, Tracy M. and Wang, Lianchun and Wolfert, Margreet A. and Boons, Geert Jan},
    doi = {10.1021/jacs.7b01399},
    issn = {15205126},
    pmid = {28651046}
}

@article{Vlodavsky2001HeparanAngiogenesis,
    title = {{Heparan sulfate proteoglycans Molecular properties and involvement of heparanase in cancer metastasis and angiogenesis}},
    year = {2001},
    journal = {Journal of Clinical Investigations},
    author = {Vlodavsky, Israel and Friedmann, Yael},
    number = {3},
    pages = {341--347},
    volume = {108},
    isbn = {0021-9738 (Print){\textbackslash}r0021-9738 (Linking)},
    doi = {10.1172/JCI200113662.Studies},
    issn = {0021-9738},
    pmid = {11489924}
}

@article{Iozzo2001HeparanArena,
    title = {{Heparan sulfate proteoglycans: Heavy hitters in the angiogenesis arena}},
    year = {2001},
    journal = {Journal of Clinical Investigation},
    author = {Iozzo, Renato V. and San Antonio, James D.},
    number = {3},
    pages = {349--355},
    volume = {108},
    isbn = {0021-9738},
    doi = {10.1172/JCI200113738},
    issn = {00219738},
    pmid = {11489925}
}

@article{Scholefield2003HeparanBeta-secretase.,
    title = {{Heparan sulfate regulates amyloid precursor protein processing by BACE1, the Alzheimer's beta-secretase.}},
    year = {2003},
    journal = {The Journal of cell biology},
    author = {Scholefield, Zoe and Yates, Edwin A and Wayne, Gareth and Amour, Augustin and McDowell, William and Turnbull, Jeremy E},
    number = {1},
    month = {10},
    pages = {97--107},
    volume = {163},
    publisher = {Rockefeller University Press},
    url = {http://www.ncbi.nlm.nih.gov/pubmed/14530380 http://www.pubmedcentral.nih.gov/articlerender.fcgi?artid=PMC2173449},
    doi = {10.1083/jcb.200303059},
    issn = {0021-9525},
    pmid = {14530380}
}

@article{Gallagher2001HeparanMenu,
    title = {{Heparan sulfate: Growth control with a restricted sequence menu}},
    year = {2001},
    journal = {Journal of Clinical Investigation},
    author = {Gallagher, J. T.},
    number = {3},
    pages = {357--361},
    volume = {108},
    isbn = {0021-9738 (Print){\textbackslash}n0021-9738 (Linking)},
    doi = {10.1172/JCI13713},
    issn = {00219738},
    pmid = {11489926}
}

@article{Nahain2018HeparinActivity,
    title = {{Heparin mimetics with anticoagulant activity}},
    year = {2018},
    journal = {Medicinal Research Reviews},
    author = {Nahain, Abdullah Al and Ignjatovic, Vera and Monagle, Paul and Tsanaktsidis, John and Ferro, Vito},
    number = {December 2017},
    pages = {1--32},
    doi = {10.1002/med.21489},
    issn = {10981128},
    keywords = {Anticoagulants, Glycopolymers, Heparin, Heparin mimetics, Sulfated oligosaccharides}
}

@article{Faham1996HeparinFactor,
    title = {{Heparin structure and interactions with basic fibroblast growth factor}},
    year = {1996},
    journal = {Science},
    author = {Faham, S and Hileman, R E and Fromm, Jonathan R and Linhardt, R J and Rees, D C},
    number = {5252},
    pages = {1116},
    volume = {271},
    isbn = {0036-8075}
}

@article{LeBrasseur2003HeparinBrain,
    title = {{Heparin sustains the brain}},
    year = {2003},
    journal = {The Journal of Cell Biology},
    author = {LeBrasseur, Nicole},
    number = {1},
    month = {10},
    pages = {1--10},
    volume = {163},
    url = {http://www.jcb.org/lookup/doi/10.1083/jcb1632iti1},
    doi = {10.1083/jcb1632iti1},
    issn = {0021-9525}
}

@article{LeBrasseur2003HeparinBrainb,
    title = {{Heparin sustains the brain}},
    year = {2003},
    journal = {The Journal of Cell Biology},
    author = {LeBrasseur, Nicole},
    number = {1},
    month = {10},
    pages = {1--10},
    volume = {163},
    publisher = {Rockefeller University Press},
    url = {http://www.jcb.org/lookup/doi/10.1083/jcb1632iti1},
    doi = {10.1083/jcb1632iti1},
    issn = {0021-9525}
}

@article{Watson1997Heparin-bindingAmylin,
    title = {{Heparin-binding Properties of the Amyloidogenic Peptides A{$\beta$} and Amylin}},
    year = {1997},
    journal = {Journal of Biological Chemistry},
    author = {Watson, Deborah J. and Lander, Arthur D. and Selkoe, Dennis J.},
    number = {50},
    month = {12},
    pages = {31617--31624},
    volume = {272},
    url = {http://www.ncbi.nlm.nih.gov/pubmed/1533636 http://www.jbc.org/lookup/doi/10.1074/jbc.272.50.31617},
    doi = {10.1074/jbc.272.50.31617},
    issn = {0021-9258},
    pmid = {1533636}
}

@article{Huo2017HHSAccess,
    title = {{HHS Public Access}},
    year = {2017},
    author = {Huo, Yuankai and Aboud, Katherine and Kang, Hakmook and Cutting, Laurie E and Bennett, A},
    number = {11},
    pages = {1--13},
    volume = {94},
    isbn = {9783319467207},
    doi = {10.1007/978-3-319-46720-7},
    issn = {1527-5418},
    pmid = {26928661},
    arxivId = {15334406}
}

@article{Kirpich2016HHSAccess,
    title = {{HHS Public Access}},
    year = {2016},
    author = {{Kirpich}},
    number = {0},
    pages = {923--930},
    volume = {48},
    isbn = {5026083331},
    doi = {10.1016/j.clinbiochem.2015.06.023.Gut-Liver},
    keywords = {dietary factors, gut microbiome, intestinal barrier, metabolic endotoxemia, nonalcoholic fatty}
}

@article{Lunin2004High-resolutionMechanism,
    title = {{High-resolution crystal structure of Arthrobacter aurescens chondroitin AC lyase: An enzyme-substrate complex defines the catalytic mechanism}},
    year = {2004},
    journal = {Journal of Molecular Biology},
    author = {Lunin, Vladimir V. and Li, Yunge and Linhardt, Robert J. and Miyazono, Hirofumi and Kyogashima, Mamoru and Kaneko, Takuji and Bell, Alexander W. and Cygler, Miroslaw},
    doi = {10.1016/j.jmb.2003.12.071},
    issn = {00222836},
    pmid = {15003453},
    keywords = {Arthrobacter aurescens, Catalytic mechanism, Chondroitin lyase, Chondroitinase AC, GAG, glycosaminoglycan, MS, mass spectrometry, Substrate binding}
}

@article{Clarris1997IdentificationMapping.,
    title = {{Identification of heparin-binding domains in the amyloid precursor protein of Alzheimer's disease by deletion mutagenesis and peptide mapping.}},
    year = {1997},
    journal = {Journal of neurochemistry},
    author = {Clarris, H J and Cappai, R and Heffernan, D and Beyreuther, K and Masters, C L and Small, D H},
    number = {3},
    month = {3},
    pages = {1164--72},
    volume = {68},
    url = {http://www.ncbi.nlm.nih.gov/pubmed/9048763},
    doi = {10.1046/j.1471-4159.1997.68031164.x},
    issn = {0022-3042},
    pmid = {9048763}
}

@incollection{Raman2009InformaticsGlycosaminoglycans,
    title = {{Informatics Concepts to Decode Structure-Function Relationships of Glycosaminoglycans}},
    year = {2009},
    booktitle = {Bioinformatics for Glycobiology and Glycomics: An Introduction},
    author = {Raman, Rahul and Raguram, S. and Sasisekharan, Ram},
    isbn = {9780470029619},
    doi = {10.1002/9780470029619.ch14},
    keywords = {Chemical Structure of GAGs, Glycosaminoglycans (GAGs), PEN-MALDI, Pedobacter heparinus, Proteus vulgaris}
}

@article{Kreuger2006InteractionsSpecificity,
    title = {{Interactions between heparan sulfate and proteins: The concept of specificity}},
    year = {2006},
    journal = {Journal of Cell Biology},
    author = {Kreuger, Johan and Spillmann, Dorothe and Li, Jin Ping and Lindahl, Ulf},
    number = {3},
    pages = {323--327},
    volume = {174},
    isbn = {0021-9525 (Print){\textbackslash}r0021-9525 (Linking)},
    doi = {10.1083/jcb.200604035},
    issn = {00219525},
    pmid = {16880267}
}

@article{Kreuger2006InteractionsSpecificityb,
    title = {{Interactions between heparan sulfate and proteins: The concept of specificity}},
    year = {2006},
    journal = {Journal of Cell Biology},
    author = {Kreuger, Johan and Spillmann, Dorothe and Li, Jin Ping and Lindahl, Ulf},
    number = {3},
    pages = {323--327},
    volume = {174},
    isbn = {0021-9525 (Print){\textbackslash}r0021-9525 (Linking)},
    doi = {10.1083/jcb.200604035},
    issn = {00219525},
    pmid = {16880267}
}

@article{Kowitsch2018MedicalReview,
    title = {{Medical application of glycosaminoglycans: a review}},
    year = {2018},
    journal = {Journal of Tissue Engineering and Regenerative Medicine},
    author = {K{\"{o}}witsch, Alexander and Zhou, Guoying and Groth, Thomas},
    number = {1},
    pages = {e23-e41},
    volume = {12},
    isbn = {1932-6254},
    doi = {10.1002/term.2398},
    issn = {19327005},
    pmid = {20872739},
    arxivId = {NIHMS150003},
    keywords = {biomaterials, chemical modification, glycosaminoglycans, hydrogels, immobilization, proteoglycans, tissue engineering}
}

@article{Li2008MolecularComplex.,
    title = {{Molecular basis of thrombin recognition by protein C inhibitor revealed by the 1.6-A structure of the heparin-bridged complex.}},
    year = {2008},
    journal = {Proceedings of the National Academy of Sciences of the United States of America},
    author = {Li, Wei and Adams, Ty E T.E. and Nangalia, Jyoti and Esmon, C.T. Charles T and Huntington, James A J.A.},
    number = {12},
    pages = {4661--6},
    volume = {105},
    url = {http://www.pnas.org/content/105/12/4661},
    isbn = {1091-6490 (Electronic){\textbackslash}r0027-8424 (Linking)},
    doi = {10.1073/pnas.0711055105},
    issn = {1091-6490},
    pmid = {18362344},
    keywords = {Crystallography, Heparin, Heparin: chemistry, Heparin: metabolism, Humans, Models, Molecular, Mutagenesis, Protein C Inhibitor, Protein C Inhibitor: chemistry, Protein C Inhibitor: metabolism, Protein Structure, Secondary, Thrombin, Thrombin: chemistry, Thrombin: metabolism, Thrombomodulin, X-Ray}
}

@article{Kulke2017MolecularCollagen,
    title = {{Molecular dynamics simulations on networks of heparin and collagen}},
    year = {2017},
    journal = {Proteins: Structure, Function and Bioinformatics},
    author = {Kulke, Martin and Geist, Norman and Friedrichs, Wenke and Langel, Walter},
    doi = {10.1002/prot.25277},
    issn = {10970134},
    keywords = {fibril overlap region, principle component analysis, protein interaction, protein structure, replica exchange, telopeptides}
}

@article{Uciechowska-Kaczmarzyk2018MolecularInteractions,
    title = {{Molecular dynamics-based model of VEGF-A and its heparin interactions}},
    year = {2018},
    journal = {Journal of Molecular Graphics and Modelling},
    author = {Uciechowska-Kaczmarzyk, Urszula and Babik, Sándor and Zsila, Ferenc and Bojarski, Krzysztof Kamil and Beke-Somfai, Tamás and Samsonov, Sergey A.},
    doi = {10.1016/j.jmgm.2018.04.015},
    issn = {18734243},
    pmid = {29738889},
    keywords = {Circular dichroism spectroscopy, Molecular docking, Protein-glycosaminoglycan interactions, Replica exchange molecular dynamics, VEGF}
}

@article{Almond2018MultiscaleChallenges,
    title = {{Multiscale modeling of glycosaminoglycan structure and dynamics: current methods and challenges}},
    year = {2018},
    journal = {Current Opinion in Structural Biology},
    author = {Almond, Andrew},
    pages = {58--64},
    volume = {50},
    publisher = {Elsevier Ltd},
    url = {http://dx.doi.org/10.1016/j.sbi.2017.11.008},
    doi = {10.1016/j.sbi.2017.11.008},
    issn = {1879033X}
}

@techreport{Gromiha2004NeuralProteins,
    title = {{Neural Network-Based Prediction of Transmembrane-Strand Segments in Outer Membrane Proteins}},
    year = {2004},
    booktitle = {J Comput Chem},
    author = {Gromiha, M Michael and Ahmad, Shandar and Suwa, Makiko},
    pages = {762--767},
    volume = {25},
    url = {http://psfs.cbrc.jp/tmbeta-net/.},
    keywords = {neural network, outer membrane protein, prediction, transmembrane-strands}
}

@article{Lever2002NovelHeparin.,
    title = {{Novel drug development opportunities for heparin.}},
    year = {2002},
    journal = {Nature reviews. Drug discovery},
    author = {Lever, Rebecca and Page, Clive P},
    number = {2},
    pages = {140--8},
    volume = {1},
    url = {http://www.ncbi.nlm.nih.gov/pubmed/12120095},
    doi = {10.1038/nrd724},
    issn = {1474-1776},
    pmid = {12120095}
}

@article{Griffith2017PredictingGrowth,
    title = {{Predicting glycosaminoglycan surface protein interactions and implications for studying axonal growth}},
    year = {2017},
    journal = {Proceedings of the National Academy of Sciences},
    author = {Griffith, Adam R. and Rogers, Claude J. and Miller, Gregory M. and Abrol, Ravinder and Hsieh-Wilson, Linda C. and Goddard, William A.},
    number = {52},
    pages = {13697--13702},
    volume = {114},
    url = {http://www.pnas.org/lookup/doi/10.1073/pnas.1715093115},
    doi = {10.1073/pnas.1715093115},
    issn = {0027-8424},
    pmid = {29229841}
}

@article{Gandhi2012PredictionBMPs,
    title = {{Prediction of heparin binding sites in bone morphogenetic proteins (BMPs)}},
    year = {2012},
    journal = {Biochimica et Biophysica Acta - Proteins and Proteomics},
    author = {Gandhi, Neha S. and Mancera, Ricardo L.},
    number = {12},
    pages = {1374--1381},
    volume = {1824},
    publisher = {Elsevier B.V.},
    url = {http://dx.doi.org/10.1016/j.bbapap.2012.07.002},
    doi = {10.1016/j.bbapap.2012.07.002},
    issn = {15709639},
    pmid = {22824487},
    keywords = {Bone morphogenetic protein (BMP), Docking, Growth and differentiation factor (GDF), Heparin, Transforming growth factor-{$\beta$} (TGF-{$\beta$})}
}

@misc{Halperin2002PrinciplesFunctions,
    title = {{Principles of docking: An overview of search algorithms and a guide to scoring functions}},
    year = {2002},
    booktitle = {Proteins: Structure, Function and Genetics},
    author = {Halperin, Inbal and Ma, Buyong and Wolfson, Haim and Nussinov, Ruth},
    isbn = {0887-3585},
    doi = {10.1002/prot.10115},
    issn = {08873585},
    pmid = {12001221},
    keywords = {Docking, Flexible docking, Matching, Proteinligand recognition, Scoring}
}

@article{Quiocho1989Protein-carbohydrateFeatures,
    title = {{Protein-carbohydrate interactions: basic molecular features}},
    year = {1989},
    journal = {Pure and Applied Chemistry},
    author = {Quiocho, F. A.},
    isbn = {0033-4545},
    doi = {10.1351/pac198961071293},
    issn = {1365-3075}
}

@article{Almbladh1996RationaleApproximations,
    title = {{Rationale for mixing exact exchange with density functional approximations}},
    year = {1996},
    journal = {J. Chem. Phys.},
    author = {Almbladh, Carl-Olof and Pedroza, A. C. and von Barth, Ulf and Arbuznikov, Alexei V. and Bahmann, Hilke and Rodenberg, Alexander and Arbuznikov, Alexei V. and Kaupp, Martin and Bauernschmitt, Rüdiger and Ahlrichs, Reinhart and Becke, Axel D. and Bondybey, V. E. and Burke, Kieron and Ernzerhof, Matthias and Perdew, John P. and Casida, Mark E. and Chong, Delano P. and Jamorski, Christine and Casida, Kim C. and Salahub, Dennis R. and Cohen, Aron J. and Mori-S{\'{a}}nchez, Paula and Yang, Weitao and Della Sala, Fabio and G{\"{o}}rling, Andreas and Engel, Eberhard and Chevary, J. A. and Macdonald, L. D. and Vosko, S. H. and Ernzerhof, Matthias and Perdew, John P. and Burke, Kieron and Ganzenm{\"{u}}ller, Georg and Koslowski, Thorsten and Gori-Giorgi, Paola and Savin, Andreas and Grabo, Tobias and Gross, Eberhard K. U. and Gunnarsson, O. and Lundqvist, Be I. and Handy, Nicholas C. and Cohen, Aron J. and Harris, J. and Sala, Fabio Della and Fabiano, Eduardo and Constantin, Lucian A and Hohenberg, Pierre and Kohn, Walter and Janak, J.F. and Jaramillo, Juanita and Scuseria, Gustavo E. and Ernzerhof, Matthias and Gunnarsson, O. and Lundqvist, Be I. and Klime{\v{s}}, Jiří and Bowler, David R. and Michaelides, Angelos and Kohn, Walter and Sham, Lu Jeu and K{\"{o}}rzd{\"{o}}rfer, Thomas and Koslowski, Thorsten and Wilkening, Anke and Harris, J. and Jones, R. O. and Kreibich, T. and Kurth, Stefan and Grabo, Tobias and Gross, Eberhard K. U. and Perdew, John P. and Blaha, Peter and Langreth, David C. and Perdew, John P. and Levy, Mel and Perdew, John P. and Sahni, Viraht and Lias, Sharon G. and Luo, Yu-Ran and Makmal, Adi and Miller, Thomas M and Molawi, Kian and Cohen, Aron J. and Handy, Nicholas C. and Peach, Michael J. G. and Tozer, David J. and Handy, Nicholas C. and Perdew, John P. and Ernzerhof, Matthias and Burke, Kieron and Levy, Mel and Parr, Robert G. and Levy, Mel and Balduz, Jose L. and Petersilka, M. and Gossmann, U.J. and Gross, Eberhard K. U. and Sagvolden, Espen and Perdew, John P. and Sham, Lu Jeu and Schl{\"{u}}ter, M. and Steinbrecher, Thomas and Koslowski, Thorsten and Case, David A. and Tozer, David J. and Handy, Nicholas C. and {Unknown} and Yang, Weitao and Cohen, Aron J. and Mori-S{\'{a}}nchez, Paula and Zhan, Chang-Guo and Nichols, Jeffrey A. and Dixon, David A. and Burke, Kieron},
    number = {1},
    pages = {9982--9985},
    volume = {109},
    url = {http://www.ncbi.nlm.nih.gov/pubmed/22667544%5Cnhttp://link.aip.org/link/JCPSA6/v109/i23/p10180/s1&Agg=doi%5Cnhttp://www.pubmedcentral.nih.gov/articlerender.fcgi?artid=2629592&tool=pmcentrez&rendertype=abstract%5Cnhttp://link.aps.org/doi/10.1103/PhysRevA.7},
    isbn = {0953-8585},
    doi = {10.1002/qua},
    issn = {00219606},
    pmid = {22667544},
    arxivId = {arXiv:1411.3804v1},
    keywords = {1, AFFINITY, ATOMIZATION, ATOMS, CORRECTIONS, CORRELATION FUNCTIONS, Cations, Chemical, Computer Simulation, DATA BASE MANAGEMENT, DENSITY FUNCTIONAL METHOD, DIATOMIC MOLECULES, DNA, DNA: chemistry, ERRORS, EXCHANGE INTERACTIONS, Electrons, GAUSS FUNCTION, IONIZATION POTENTIAL, MOLECULES, Models, N CODES, NUMERICAL SOLUTION, POLYATOMIC MOLECULES, PROTONS, Quantum Theory, SPIN DENSITY, SURVEYS, Static Electricity, THERMOCHEMICAL PROCESSES, Thermodynamics, anr, atomization energy, chemical screening constant, contract grant sponsor, correlation, correspondence to, density functional, density functional theory, e-mail, electronic correlation, exchange, exchange correlation, exchange-correlation, fr, g tensor, generalized gradient approximation, gori, gori-giorgi, harmonic traps, hybrid functional, introduction and definitions, j, jussieu, lct, local hybrid functional, local spin density approximation, localized local hybrid, molecular dissociation, molecules, national french research, national science foundation, optimized effective potential method, p, perdew, potential, potentials, quantum chemistry, solids, surfaces}
}

@article{DeVivo2017RecentDiscovery,
    title = {{Recent advances in dynamic docking for drug discovery}},
    year = {2017},
    journal = {Wiley Interdisciplinary Reviews: Computational Molecular Science},
    author = {De Vivo, Marco and Cavalli, Andrea},
    doi = {10.1002/wcms.1320},
    issn = {17590884}
}

@misc{Grant2014RecentProteins,
    title = {{Recent advances in employing molecular modelling to determine the specificity of glycan-binding proteins}},
    year = {2014},
    booktitle = {Current Opinion in Structural Biology},
    author = {Grant, Oliver C. and Woods, Robert J.},
    isbn = {1879-033X (Electronic) 0959-440X (Linking)},
    doi = {10.1016/j.sbi.2014.07.001},
    issn = {1879033X},
    pmid = {25108191},
    arxivId = {NIHMS150003}
}

@article{Hricovini2007RelationshipGlycosaminoglycans,
    title = {{Relationship between structure and three-bond proton-proton coupling constants in glycosaminoglycans}},
    year = {2007},
    journal = {Carbohydrate Research},
    author = {Hricov{\'{i}}ni, M. and B{\'{i}}zik, F.},
    number = {6},
    pages = {779--783},
    volume = {342},
    isbn = {0008-6215},
    doi = {10.1016/j.carres.2007.01.003},
    issn = {00086215},
    pmid = {17270159},
    keywords = {Conformation, DFT calculations, Glycosaminoglycans, Three-bond coupling constants}
}

@article{Hu2017ScienceDirectGlycosaminoglycans,
    title = {{ScienceDirect Bioinformatics of glycosaminoglycans}},
    year = {2017},
    journal = {Perspectives in Science},
    author = {Hu, Han and Mao, Yang and Huang, Yu and Lin, Cheng and Zaia, Joseph},
    doi = {10.1016/j.pisc.2016.01.014},
    issn = {2213-0209},
    keywords = {Divide-and-conquer, Electron transfer dissociation, Glycosaminoglycan, Heparan sulfate, Tandem mass spectrometry}
}

@misc{Schulz-Gasch2004ScoringPerspective,
    title = {{Scoring functions for protein-ligand interactions: A critical perspective}},
    year = {2004},
    booktitle = {Drug Discovery Today: Technologies},
    author = {Schulz-Gasch, Tanja and Stahl, Martin},
    doi = {10.1016/j.ddtec.2004.08.004},
    issn = {17406749},
    pmid = {24981490}
}

@article{Hendriksen2002SecretasesDisease.,
    title = {{Secretases as targets for drug design in Alzheimer's disease.}},
    year = {2002},
    journal = {European journal of clinical investigation},
    author = {Hendriksen, J V R B and Nottet, H S L M and Smits, H A},
    number = {1},
    month = {1},
    pages = {60--8},
    volume = {32},
    url = {http://www.ncbi.nlm.nih.gov/pubmed/11851728},
    doi = {10.1046/j.1365-2362.2002.00937.x},
    issn = {0014-2972},
    pmid = {11851728}
}

@article{Malik2007SequenceNetwork,
    title = {{Sequence and structural features of carbohydrate binding in proteins and assessment of predictability using a neural network}},
    year = {2007},
    journal = {BMC Structural Biology 2007 7:1},
    author = {Malik, Adeel and Ahmad, Shandar},
    number = {1},
    month = {1},
    pages = {1},
    volume = {7},
    publisher = {BioMed Central},
    url = {https://bmcstructbiol.biomedcentral.com/articles/10.1186/1472-6807-7-1},
    doi = {10.1186/1472-6807-7-1},
    issn = {1472-6807},
    keywords = {Biochemistry, Crystallography, Mass Spectrometry, Protein Science, Spectroscopy/Spectrometry, general}
}

@article{Sankaranarayanan2018SoAgain,
    title = {{So you think computational approaches to understanding glycosaminoglycan–protein interactions are too dry and too rigid? Think again!}},
    year = {2018},
    journal = {Current Opinion in Structural Biology},
    author = {Sankaranarayanan, Nehru Viji and Nagarajan, Balaji and Desai, Umesh R.},
    pages = {91--100},
    volume = {50},
    publisher = {Elsevier Ltd},
    url = {http://dx.doi.org/10.1016/j.sbi.2017.12.004},
    doi = {10.1016/j.sbi.2017.12.004},
    issn = {1879033X}
}

@article{Trott2010SoftwareMultithreading,
    title = {{Software news and update AutoDock Vina: Improving the speed and accuracy of docking with a new scoring function, efficient optimization, and multithreading}},
    year = {2010},
    journal = {Journal of Computational Chemistry},
    author = {Trott, Oleg and Olson, Arthur J.},
    isbn = {1096-987X},
    doi = {10.1002/jcc.21334},
    issn = {01928651},
    pmid = {19499576},
    arxivId = {NIHMS150003},
    keywords = {AutoDock, Computer-aided drug design, Molecular docking, Multithreading, Scoring function, Virtual screening}
}

@article{Kirschner2001SolventConformation,
    title = {{Solvent interactions determine carbohydrate conformation}},
    year = {2001},
    journal = {Proceedings of the National Academy of Sciences},
    author = {Kirschner, K. N. and Woods, R. J.},
    isbn = {0027-8424},
    doi = {10.1073/pnas.191362798},
    issn = {0027-8424},
    pmid = {11526221}
}

@article{Laederach2003SpecificProteins,
    title = {{Specific Empirical Free Energy Function for Automated Docking of Carbohydrates to Proteins}},
    year = {2003},
    journal = {Journal of Computational Chemistry},
    author = {Laederach, Alain and Reilly, Peter J.},
    isbn = {0192-8651},
    doi = {10.1002/jcc.10288},
    issn = {01928651},
    pmid = {12964193},
    keywords = {AutoDock, Automated docking, Empirical free energy function, Linear response method, Protein-carbohydrate complex}
}

@article{2004StructuralProteins,
    title = {{Structural analysis of cation–{$\pi$} interactions in DNA binding proteins}},
    year = {2004},
    journal = {International Journal of Biological Macromolecules},
    number = {3},
    month = {6},
    pages = {203--211},
    volume = {34},
    publisher = {Elsevier},
    url = {https://www.sciencedirect.com/science/article/pii/S0141813004000212},
    doi = {10.1016/J.IJBIOMAC.2004.04.003},
    issn = {0141-8130}
}

@article{Murphy2007StructuralHeparin,
    title = {{Structural and functional basis of CXCL12 (stromal cell-derived factor-1{$\alpha$}) binding to heparin}},
    year = {2007},
    journal = {Journal of Biological Chemistry},
    author = {Murphy, James W. and Cho, Yoonsang and Sachpatzidis, Aristidis and Fan, Chengpeng and Hodsdon, Michael E. and Lolis, Elias},
    number = {13},
    pages = {10018--10027},
    volume = {282},
    isbn = {2037372027},
    doi = {10.1074/jbc.M608796200},
    issn = {00219258},
    pmid = {17264079}
}

@article{Sharma2012StructuralProtein-S,
    title = {{Structural basis of heparin binding to camel peptidoglycan recognition protein-S}},
    year = {2012},
    journal = {International Journal of Biochemistry and Molecular Biology},
    author = {Sharma, Pradeep and Dube, Divya and Sinha, Mau and Dey, Sharmistha and Kaur, Punit and Sharma, Sujata and Singh, Tej P.},
    number = {1},
    pages = {86--94},
    volume = {3},
    issn = {21524114},
    pmid = {22509483},
    keywords = {Crystal structure, Heparin, LPS, LTA, PGN, Pamps, Pgrp-S}
}

@article{Dasgupta2011StructuralPapillomavirus,
    title = {{Structural basis of oligosaccharide receptor recognition by human papillomavirus}},
    year = {2011},
    journal = {Journal of Biological Chemistry},
    author = {Dasgupta, Jhimli and Bienkowska-Haba, Malgorzata and Ortega, Marcos E. and Patel, Hetalkumar D. and Bodevin, Sabrina and Spillmann, Dorothe and Bishop, Brooke and Sapp, Martin and Chen, Xiaojiang S.},
    number = {4},
    pages = {2617--2624},
    volume = {286},
    doi = {10.1074/jbc.M110.160184},
    issn = {00219258},
    pmid = {21115492}
}

@article{Han2009StructuralI,
    title = {{Structural snapshots of heparin depolymerization by heparin lyase I}},
    year = {2009},
    journal = {Journal of Biological Chemistry},
    author = {Han, Young Hyun and Garron, Marie Line and Kim, Hye Yeon and Kim, Wan Seok and Zhang, Zhenqing and Ryu, Kyeong Seok and Shaya, David and Xiao, Zhongping and Cheong, Chaejoon and Kim, Yeong Shik and Linhardt, R. J. and Jeon, Young Ho and Cygler, Miroslaw},
    number = {49},
    pages = {34019--34027},
    volume = {284},
    doi = {10.1074/jbc.M109.025338},
    issn = {00219258},
    pmid = {19801541}
}

@misc{Imberty2007StructuralInteractions,
    title = {{Structural view of glycosaminoglycan-protein interactions}},
    year = {2007},
    booktitle = {Carbohydrate Research},
    author = {Imberty, Anne and Lortat-Jacob, Hugues and P{\'{e}}rez, Serge},
    isbn = {10.1371/journal.pone.0044348},
    doi = {10.1016/j.carres.2006.12.019},
    issn = {00086215},
    pmid = {22952961},
    keywords = {Crystallography, Glycosaminoglycans, Interactions, Molecular modeling}
}

@article{1994StructureComplexes,
    title = {{Structure and energetics of protein-carbohydrate complexes}},
    year = {1994},
    journal = {Current Opinion in Structural Biology},
    number = {5},
    month = {10},
    pages = {719--728},
    volume = {4},
    publisher = {Elsevier Current Trends},
    url = {https://www.sciencedirect.com/science/article/pii/S0959440X94901708?via%3Dihub},
    doi = {10.1016/S0959-440X(94)90170-8},
    issn = {0959-440X}
}

@article{Digabriele1998StructureFactor,
    title = {{Structure of a heparin-linked biologically active dimer of fibroblast growth factor}},
    year = {1998},
    journal = {Nature},
    author = {Digabriele, A. D. and Lax, I. and Chen, D. I. and Svahn, C. M. and Jaye, M. and Schlessinger, J. and Hendrickson, W. A.},
    isbn = {0028-0836},
    doi = {10.1038/31741},
    issn = {00280836},
    pmid = {9655399}
}

@article{Rigden2003StructuresAction,
    title = {{Structures of streptococcus pneumoniae hyaluronate lyase in complex with chondroitin and chondroitin sulfate disaccharides: Insights into specificity and mechanism of action}},
    year = {2003},
    journal = {Journal of Biological Chemistry},
    author = {Rigden, Daniel J. and Jedrzejas, Mark J.},
    isbn = {0021-9258},
    doi = {10.1074/jbc.M307596200},
    issn = {00219258},
    pmid = {14523022}
}

@article{Swarup2013SugarNeurons,
    title = {{Sugar glues for broken neurons}},
    year = {2013},
    journal = {BioMolecular Concepts},
    author = {Swarup, Vimal P. and Mencio, Caitlin P. and Hlady, Vladimir and Kuberan, Balagurunathan},
    number = {3},
    month = {1},
    pages = {233--257},
    volume = {4},
    publisher = {De Gruyter},
    url = {https://www.degruyter.com/view/j/bmc.2013.4.issue-3/bmc-2012-0042/bmc-2012-0042.xml},
    doi = {10.1515/bmc-2012-0042},
    issn = {1868-503X},
    keywords = {chondroitin sulfate, glycosaminoglycans, heparan sulfate, nervous system disorders, proteoglycans, spinal cord injury, sulfotransferases}
}

@article{SoaresdaCosta2017SulfationDisorders,
    title = {{Sulfation of Glycosaminoglycans and Its Implications in Human Health and Disorders}},
    year = {2017},
    journal = {Annual Review of Biomedical Engineering},
    author = {Soares da Costa, Diana and Reis, Rui L. and Pashkuleva, Iva},
    number = {1},
    pages = {1--26},
    volume = {19},
    url = {http://www.annualreviews.org/doi/10.1146/annurev-bioeng-071516-044610},
    doi = {10.1146/annurev-bioeng-071516-044610},
    issn = {1523-9829},
    pmid = {28226217},
    keywords = {biomaterials, chondroitin sulfate, heparan sulfate, heparin, keratan sulfate}
}

@article{Habuchi2004SulfationCode,
    title = {{Sulfation pattern in glycosaminoglycan: Does it have a code?}},
    year = {2004},
    journal = {Glycoconjugate Journal},
    author = {Habuchi, Hiroko and Habuchi, Osami and Kimata, Koji},
    number = {1-2},
    pages = {47--52},
    volume = {21},
    isbn = {0282-0080 (Print)},
    doi = {10.1023/B:GLYC.0000043747.87325.5e},
    issn = {02820080},
    pmid = {15467398},
    keywords = {glycosaminoglycan, growth factors, heparan sulfate, morphogen, sulfotransferases}
}

@article{Gama2006SulfationActivity,
    title = {{Sulfation patterns of glycosaminoglycans encode molecular recognition and activity}},
    year = {2006},
    journal = {Nature Chemical Biology},
    author = {Gama, Cristal I. and Tully, Sarah E. and Sotogaku, Naoki and Clark, Peter M. and Rawat, Manish and Vaidehi, Nagarajan and Goddard, William A. and Nishi, Akinori and Hsieh-Wilson, Linda C.},
    number = {9},
    pages = {467--473},
    volume = {2},
    isbn = {1552-4450 (Print){\textbackslash}n1552-4450 (Linking)},
    doi = {10.1038/nchembio810},
    issn = {15524469},
    pmid = {16878128}
}

@article{GriffithSupportingGrowth,
    title = {{Supporting Information ( SI Appendix ) Predicting glycosaminoglycan-surface protein interactions : Implications for studying axonal growth}},
    author = {Griffith, Adam R and Rogers, Claude J and Miller, Gregory M and Abrol, Ravinder and Linda, C and Goddard, William A},
    number = {Md}
}

@article{Hendrix1998SurfaceDocking.,
    title = {{Surface solid angle-based site points for molecular docking.}},
    year = {1998},
    journal = {Pacific Symposium on Biocomputing. Pacific Symposium on Biocomputing},
    author = {Hendrix, D K and Kuntz, I D},
    issn = {2335-6936},
    pmid = {9697192}
}

@article{Kozakov2017TheDocking.,
    title = {{The ClusPro web server for protein-protein docking.}},
    year = {2017},
    journal = {Nature protocols},
    author = {Kozakov, Dima and Hall, David R and Xia, Bing and Porter, Kathryn A and Padhorny, Dzmitry and Yueh, Christine and Beglov, Dmitri and Vajda, Sandor},
    number = {2},
    month = {2},
    pages = {255--278},
    volume = {12},
    publisher = {NIH Public Access},
    url = {http://www.ncbi.nlm.nih.gov/pubmed/28079879 http://www.pubmedcentral.nih.gov/articlerender.fcgi?artid=PMC5540229},
    doi = {10.1038/nprot.2016.169},
    issn = {1750-2799},
    pmid = {28079879}
}

@techreport{Berman2000TheBank,
    title = {{The Protein Data Bank}},
    year = {2000},
    booktitle = {Nucleic Acids Research},
    author = {Berman, Helen M and Westbrook, John and Feng, Zukang and Gilliland, Gary and Bhat, T N and Weissig, Helge and Shindyalov, Ilya N and Bourne, Philip E},
    number = {1},
    volume = {28},
    url = {http://www.rcsb.org/pdb/status.html}
}

@article{Mohamed2016TheCalculations,
    title = {{The stereoselectivities of tributyltin hydride-mediated reductions of 5-bromo-d-glucuronides to l-iduronides are dependent on the anomeric substituent: Syntheses and DFT calculations}},
    year = {2016},
    journal = {Organic and Biomolecular Chemistry},
    author = {Mohamed, Shifaza and Krenske, Elizabeth H. and Ferro, Vito},
    number = {10},
    pages = {2950--2960},
    volume = {14},
    doi = {10.1039/c6ob00283h},
    issn = {14770520}
}

@article{Gandhi2008TheProteins,
    title = {{The Structure of Glycosaminoglycans and their Interactions with Proteins}},
    year = {2008},
    journal = {Chemical Biology {\&} Drug Design},
    author = {Gandhi, Neha S. and Mancera, Ricardo L.},
    number = {6},
    month = {12},
    pages = {455--482},
    volume = {72},
    publisher = {Wiley/Blackwell (10.1111)},
    url = {http://doi.wiley.com/10.1111/j.1747-0285.2008.00741.x},
    doi = {10.1111/j.1747-0285.2008.00741.x},
    issn = {17470277},
    keywords = {carbohydrates, chondroitin sulphate, dermatan sulphate, glycosaminoglycans, heparan sulphate, heparin, hyaluronic acid, keratan sulphate, proteoglycans}
}

@article{Shaw2004TheInhibitors,
    title = {{The X-ray structure of RANTES: Heparin-derived disaccharides allows the rational design of chemokine inhibitors}},
    year = {2004},
    journal = {Structure},
    author = {Shaw, Jeffrey P. and Johnson, Zoë and Borlat, Frédéric and Zwahlen, Catherine and Kungl, Andreas and Roulin, Karen and Harrenga, Axel and Wells, Timothy N C and Proudfoot, Amanda E I},
    number = {11},
    pages = {2081--2093},
    volume = {12},
    isbn = {0969-2126 (Print){\textbackslash}r0969-2126 (Linking)},
    doi = {10.1016/j.str.2004.08.014},
    issn = {09692126},
    pmid = {15530372}
}

@article{Sankaranarayanan2014TowardProteins,
    title = {{Toward a robust computational screening strategy for identifying glycosaminoglycan sequences that display high specificity for target proteins}},
    year = {2014},
    journal = {Glycobiology},
    author = {Sankaranarayanan, Nehru Viji and Desai, Umesh R.},
    number = {12},
    pages = {1323--1333},
    volume = {24},
    doi = {10.1093/glycob/cwu077},
    issn = {14602423},
    pmid = {25049239},
    keywords = {Glycosaminoglycans, Heparin/heparan sulfate, Molecular docking, Specificity, Virtual screening}
}

@article{Pettersen2004UCSFAnalysis,
    title = {{UCSF Chimera - A visualization system for exploratory research and analysis}},
    year = {2004},
    journal = {Journal of Computational Chemistry},
    author = {Pettersen, Eric F. and Goddard, Thomas D. and Huang, Conrad C. and Couch, Gregory S. and Greenblatt, Daniel M. and Meng, Elaine C. and Ferrin, Thomas E.},
    isbn = {0192-8651 (Print){\textbackslash}n0192-8651 (Linking)},
    doi = {10.1002/jcc.20084},
    issn = {01928651},
    pmid = {15264254},
    arxivId = {arXiv:1011.1669v3},
    keywords = {Extensibility, Molecular graphics, Multiscale modeling, Sequence alignment, Visualization}
}

@article{Hsieh2016UncoveringSulphate,
    title = {{Uncovering the Relationship between Sulphation Patterns and Conformation of Iduronic Acid in Heparan Sulphate}},
    year = {2016},
    journal = {Scientific Reports},
    author = {Hsieh, Po Hung and Thieker, David F. and Guerrini, Marco and Woods, Robert J. and Liu, Jian},
    number = {May},
    pages = {1--8},
    volume = {6},
    publisher = {Nature Publishing Group},
    url = {http://dx.doi.org/10.1038/srep29602},
    isbn = {9198436511},
    doi = {10.1038/srep29602},
    issn = {20452322},
    pmid = {27412370}
}

@article{Nivedha2016Vina-Carb:Docking,
    title = {{Vina-Carb: Improving Glycosidic Angles during Carbohydrate Docking}},
    year = {2016},
    journal = {Journal of Chemical Theory and Computation},
    author = {Nivedha, Anita K. and Thieker, David F. and Makeneni, Spandana and Hu, Huimin and Woods, Robert J.},
    isbn = {0000000000000},
    doi = {10.1021/acs.jctc.5b00834},
    issn = {15499626},
    pmid = {26744922},
    arxivId = {15334406}
}

@article{Nivedha2016Vina-Carb:Dockingb,
    title = {{Vina-Carb: Improving Glycosidic Angles during Carbohydrate Docking}},
    year = {2016},
    journal = {Journal of Chemical Theory and Computation},
    author = {Nivedha, Anita K. and Thieker, David F. and Makeneni, Spandana and Hu, Huimin and Woods, Robert J.},
    number = {2},
    pages = {892--901},
    volume = {12},
    isbn = {0000000000000},
    doi = {10.1021/acs.jctc.5b00834},
    issn = {15499626},
    pmid = {26744922},
    arxivId = {15334406}
}

@misc{Smyth2000XCrystallography,
    title = {{x Ray crystallography}},
    year = {2000},
    booktitle = {Journal of Clinical Pathology - Molecular Pathology},
    author = {Smyth, M. S. and Martin, J. H.J.},
    isbn = {1366-8714},
    doi = {10.1136/mp.53.1.8},
    issn = {13668714},
    pmid = {10884915},
    keywords = {Protein structure, Three dimensional structure, x ray crystallography}
}