@book{ButterfieldAScience,
    title = {{A dictionary of computer science}},
    author = {Butterfield, A. (Andrew) and Ngondi, Gerard Ekembe and Kerr, Anne},
    pages = {608},
    isbn = {9780191768125}
}

@article{Goerigk2017AInteractions,
    title = {{A look at the density functional theory zoo with the advanced GMTKN55 database for general main group thermochemistry, kinetics and noncovalent interactions}},
    year = {2017},
    journal = {Physical Chemistry Chemical Physics},
    author = {Goerigk, Lars and Hansen, Andreas and Bauer, Christoph and Ehrlich, Stephan and Najibi, Asim and Grimme, Stefan},
    number = {48},
    month = {12},
    pages = {32184--32215},
    volume = {19},
    publisher = {The Royal Society of Chemistry},
    url = {http://xlink.rsc.org/?DOI=C7CP04913G},
    doi = {10.1039/C7CP04913G},
    issn = {1463-9076}
}

@article{Clerc2018ASpace,
    title = {{A pipeline to translate glycosaminoglycan sequences into 3D models. Application to the exploration of glycosaminoglycan conformational space}},
    year = {2018},
    journal = {Glycobiology},
    author = {Clerc, Olivier and Mariethoz, Julien and Rivet, Alain and Lisacek, Frédérique and P{\'{e}}rez, Serge and Ricard-Blum, Sylvie},
    month = {9},
    url = {https://academic.oup.com/glycob/advance-article/doi/10.1093/glycob/cwy084/5099147},
    doi = {10.1093/glycob/cwy084},
    issn = {1460-2423}
}

@article{Sarkar2015AProteins,
    title = {{A simple method for discovering druggable, specific glycosaminoglycan-protein systems. Elucidation of key principles from heparin/heparan sulfate-binding proteins}},
    year = {2015},
    journal = {PLoS ONE},
    author = {Sarkar, Aurijit and Desai, Umesh R.},
    number = {10},
    pages = {1--18},
    volume = {10},
    doi = {10.1371/journal.pone.0141127},
    issn = {19326203},
    pmid = {26488293}
}

@article{Zhang2018AScience,
    title = {{A strategy to apply machine learning to small datasets in materials science}},
    year = {2018},
    journal = {npj Computational Materials},
    author = {Zhang, Ying and Ling, Chen},
    number = {1},
    month = {12},
    pages = {25},
    volume = {4},
    publisher = {Nature Publishing Group},
    url = {http://www.nature.com/articles/s41524-018-0081-z},
    doi = {10.1038/s41524-018-0081-z},
    issn = {2057-3960},
    keywords = {Computational methods, Theory and computation}
}

@article{McLaurin1999ANeurotoxicity.,
    title = {{A sulfated proteoglycan aggregation factor mediates amyloid-beta peptide fibril formation and neurotoxicity.}},
    year = {1999},
    journal = {Amyloid : the international journal of experimental and clinical investigation : the official journal of the International Society of Amyloidosis},
    author = {McLaurin, J and Franklin, T and Kuhns, W J and Fraser, P E},
    number = {4},
    month = {12},
    pages = {233--43},
    volume = {6},
    url = {http://www.ncbi.nlm.nih.gov/pubmed/10611943},
    issn = {1350-6129},
    pmid = {10611943}
}

@article{FerreiradeFreitas2017APDB,
    title = {{A systematic analysis of atomic protein–ligand interactions in the PDB}},
    year = {2017},
    journal = {MedChemComm},
    author = {Ferreira de Freitas, Renato and Schapira, Matthieu},
    number = {10},
    month = {10},
    pages = {1970--1981},
    volume = {8},
    publisher = {Royal Society of Chemistry},
    url = {http://xlink.rsc.org/?DOI=C7MD00381A},
    doi = {10.1039/C7MD00381A},
    issn = {2040-2503}
}

@article{Csonka2011AccurateExtrapolation,
    title = {{Accurate conformational energy differences of carbohydrates: A complete basis set extrapolation}},
    year = {2011},
    journal = {Journal of Chemical Theory and Computation},
    author = {Csonka, Gábor I. and Kaminsky, Jakub},
    isbn = {1549-9618},
    doi = {10.1021/ct200007x},
    issn = {15499618}
}

@incollection{Steinmetz2014AccurateFunctionals,
    title = {{Accurate Thermochemistry for Large Molecules with Modern Density Functionals}},
    year = {2014},
    author = {Steinmetz, Marc and Hansen, Andreas and Ehrlich, Stephan and Risthaus, Tobias and Grimme, Stefan},
    pages = {1--23},
    url = {http://link.springer.com/10.1007/128_2014_543},
    doi = {10.1007/128{\_}2014{\_}543}
}

@article{WeijunHuang2001ActiveMutagenesis,
    title = {{Active Site of Chondroitin AC Lyase Revealed by the Structure of Enzyme−Oligosaccharide Complexes and Mutagenesis†,‡}},
    year = {2001},
    author = {Weijun Huang, § and Lorena Boju, § and Lydia Tkalec, ‖,⊥ and Hongsheng Su, ‖,# and Hyun-Ok Yang, ∇ and Nur Sibel Gunay, ∇ and Robert J. Linhardt, ∇ and Yeong Shik Kim, ○ and Allan Matte, § and and Miroslaw Cygler*, §},
    publisher = { American Chemical Society },
    url = {https://pubs.acs.org/doi/abs/10.1021/bi0024254},
    doi = {10.1021/BI0024254}
}

@article{Feyzi1998Age-dependentFunction,
    title = {{Age-dependent Modulation of Heparan Sulfate Structure and Function}},
    year = {1998},
    journal = {Journal of Biological Chemistry},
    author = {Feyzi, Emadoldin and Saldeen, Tom and Larsson, Erik and Lindahl, Ulf and Salmivirta, Markku},
    number = {22},
    month = {5},
    pages = {13395--13398},
    volume = {273},
    url = {http://www.jbc.org/lookup/doi/10.1074/jbc.273.22.13395},
    doi = {10.1074/jbc.273.22.13395},
    issn = {0021-9258}
}

@article{Shionyu-Mitsuyama2003AnProteins,
    title = {{An empirical approach for structure-based prediction of carbohydrate-binding sites on proteins}},
    year = {2003},
    journal = {Protein Engineering Design and Selection},
    author = {Shionyu-Mitsuyama, C. and Shirai, T. and Ishida, H. and Yamane, T.},
    number = {7},
    month = {7},
    pages = {467--478},
    volume = {16},
    publisher = {Oxford University Press},
    url = {https://academic.oup.com/peds/article-lookup/doi/10.1093/protein/gzg065},
    doi = {10.1093/protein/gzg065},
    issn = {1741-0126}
}

@article{Shionyu-Mitsuyama2003AnProteins.,
    title = {{An empirical approach for structure-based prediction of carbohydrate-binding sites on proteins.}},
    year = {2003},
    journal = {Protein engineering},
    author = {Shionyu-Mitsuyama, Clara and Shirai, Tsuyoshi and Ishida, Hirokazu and Yamane, Takashi},
    number = {7},
    month = {7},
    pages = {467--78},
    volume = {16},
    url = {http://www.ncbi.nlm.nih.gov/pubmed/12915724},
    issn = {0269-2139},
    pmid = {12915724}
}

@article{Taroni2000AnalysisSites,
    title = {{Analysis and prediction of carbohydrate binding sites}},
    year = {2000},
    journal = {Protein Engineering, Design and Selection},
    author = {Taroni, Chiara and Jones, Susan and Thornton, Janet M.},
    number = {2},
    month = {2},
    pages = {89--98},
    volume = {13},
    publisher = {Oxford University Press},
    url = {https://academic.oup.com/peds/article-lookup/doi/10.1093/protein/13.2.89},
    doi = {10.1093/protein/13.2.89},
    issn = {1741-0134}
}

@article{Taroni2000AnalysisSitesb,
    title = {{Analysis and prediction of carbohydrate binding sites}},
    year = {2000},
    journal = {Protein Engineering, Design and Selection},
    author = {Taroni, Chiara and Jones, Susan and Thornton, Janet M.},
    number = {2},
    month = {2},
    pages = {89--98},
    volume = {13},
    publisher = {Oxford University Press},
    url = {https://academic.oup.com/peds/article-lookup/doi/10.1093/protein/13.2.89},
    doi = {10.1093/protein/13.2.89},
    issn = {1741-0134}
}

@incollection{Krippahl2005ApplyingDocking,
    title = {{Applying Constraint Programming to Rigid Body Protein Docking}},
    year = {2005},
    author = {Krippahl, Ludwig and Barahona, Pedro},
    pages = {373--387},
    publisher = {Springer, Berlin, Heidelberg},
    url = {http://link.springer.com/10.1007/11564751_29},
    doi = {10.1007/11564751{\_}29}
}

@article{Sun1996AreInteractions,
    title = {{Are There Water-Bridge-Induced Hydrophilic Interactions?}},
    year = {1996},
    journal = {The Journal of Physical Chemistry},
    author = {Sun, Yaxiong and Kollman, Peter},
    number = {16},
    month = {1},
    pages = {6760--6763},
    volume = {100},
    publisher = { American Chemical Society },
    url = {http://pubs.acs.org/doi/abs/10.1021/jp950840d},
    doi = {10.1021/jp950840d},
    issn = {0022-3654}
}

@article{H.Williams1998AspectsInteractions,
    title = {{Aspects of weak interactions}},
    year = {1998},
    journal = {Chemical Society Reviews},
    author = {H. Williams, Dudley and S. Westwell, Martin},
    number = {1},
    month = {1},
    pages = {57},
    volume = {27},
    publisher = {Royal Society of Chemistry},
    url = {http://xlink.rsc.org/?DOI=a827057z},
    doi = {10.1039/a827057z},
    issn = {0306-0012}
}

@article{Marianski2016Assessing-Maltose,
    title = {{Assessing the Accuracy of Across-the-Scale Methods for Predicting Carbohydrate Conformational Energies for the Examples of Glucose and {$\alpha$}-Maltose}},
    year = {2016},
    journal = {Journal of Chemical Theory and Computation},
    author = {Marianski, Mateusz and Supady, Adriana and Ingram, Teresa and Schneider, Markus and Baldauf, Carsten},
    doi = {10.1021/acs.jctc.6b00876},
    issn = {15499626}
}

@article{Morris1639AutomatedFunction,
    title = {{Automated Docking Using a Lamarckian Genetic Algorithm and an Empirical Binding Free Energy Function}},
    year = {1639},
    journal = {Journal of Computational Chemistry},
    author = {Morris, Garrett M and Goodsell, David S and Halliday, Robert S and Huey, Ruth and Hart, William E and Belew, Richard K and Olson, Arthur J},
    number = {14},
    pages = {16391662},
    volume = {19},
    publisher = {John Wiley {\&} Sons, Inc},
    url = {https://onlinelibrary.wiley.com/doi/pdf/10.1002/(SICI)1096-987X(19981115)19:14%3C1639::AID-JCC10%3E3.0.CO;2-B},
    issn = {0192-8651},
    keywords = {automated docking, binding affinity, drug design, flexible small molecule protein interaction, genetic algorithm}
}

@article{Appell2004B3LYP/6-311++GConformations,
    title = {{B3LYP/6-311++G** study of {$\alpha$}- and {$\beta$}-d-glucopyranose and 1,5-anhydro-d-glucitol: 4C1 and 1C4 chairs, 3,OB and B3,O boats, and skew-boat conformations}},
    year = {2004},
    journal = {Carbohydrate Research},
    author = {Appell, M. and Strati, G. and Willett, J.L. and Momany, F.A.},
    number = {3},
    month = {2},
    pages = {537--551},
    volume = {339},
    url = {http://linkinghub.elsevier.com/retrieve/pii/S0008621503005573},
    doi = {10.1016/j.carres.2003.10.014},
    issn = {00086215}
}

@article{Kerzmann2008BALLDock/SLICK:Docking,
    title = {{BALLDock/SLICK: A new method for protein-carbohydrate docking}},
    year = {2008},
    journal = {Journal of Chemical Information and Modeling},
    author = {Kerzmann, Andreas and Fuhrmann, Jan and Kohlbacher, Oliver and Neumann, Dirk},
    isbn = {9781493923434},
    doi = {10.1021/ci800103u},
    issn = {15499596},
    pmid = {18646839}
}

@article{Kerzmann2008BALLDock/SLICK:Dockingb,
    title = {{BALLDock/SLICK: A new method for protein-carbohydrate docking}},
    year = {2008},
    journal = {Journal of Chemical Information and Modeling},
    author = {Kerzmann, Andreas and Fuhrmann, Jan and Kohlbacher, Oliver and Neumann, Dirk},
    isbn = {9781493923434},
    doi = {10.1021/ci800103u},
    issn = {15499596},
    pmid = {18646839}
}

@article{Makeneni2014BFMP:Conformations,
    title = {{BFMP: A method for discretizing and visualizing pyranose conformations}},
    year = {2014},
    journal = {Journal of Chemical Information and Modeling},
    author = {Makeneni, Spandana and Foley, B. Lachele and Woods, Robert J.},
    isbn = {1549-960X (Electronic){\textbackslash}n1549-9596 (Linking)},
    doi = {10.1021/ci500325b},
    issn = {15205142},
    pmid = {25289680}
}

@article{Iobst1994BindingMutagenesis.,
    title = {{Binding of sugar ligands to Ca(2+)-dependent animal lectins. II. Generation of high-affinity galactose binding by site-directed mutagenesis.}},
    year = {1994},
    journal = {The Journal of biological chemistry},
    author = {Iobst, S T and Drickamer, K},
    number = {22},
    month = {6},
    pages = {15512--9},
    volume = {269},
    url = {http://www.ncbi.nlm.nih.gov/pubmed/8195195},
    issn = {0021-9258},
    pmid = {8195195}
}

@book{Varki2009BiologicalGlycans,
    title = {{Biological Roles of Glycans}},
    year = {2009},
    booktitle = {Essentials of Glycobiology},
    author = {Varki, Ajit and Lowe, John B},
    url = {http://www.ncbi.nlm.nih.gov/pubmed/20301233},
    isbn = {9780879697709},
    pmid = {20301233}
}

@article{Dror2012BiomolecularBiology,
    title = {{Biomolecular Simulation: A Computational Microscope for Molecular Biology}},
    year = {2012},
    journal = {Annual Review of Biophysics},
    author = {Dror, Ron O. and Dirks, Robert M. and Grossman, J.P. and Xu, Huafeng and Shaw, David E.},
    number = {1},
    month = {6},
    pages = {429--452},
    volume = {41},
    publisher = { Annual Reviews },
    url = {http://www.annualreviews.org/doi/10.1146/annurev-biophys-042910-155245},
    doi = {10.1146/annurev-biophys-042910-155245},
    issn = {1936-122X},
    keywords = {Anton, drug binding, millisecond timescale, molecular dynamics, protein folding}
}

@article{Gandhi2010CanStudy,
    title = {{Can current force fields reproduce ring puckering in 2-O-sulfo-{$\alpha$}-l-iduronic acid? A molecular dynamics simulation study}},
    year = {2010},
    journal = {Carbohydrate Research},
    author = {Gandhi, Neha S. and Mancera, Ricardo L.},
    number = {5},
    pages = {689--695},
    volume = {345},
    publisher = {Elsevier Ltd},
    url = {http://dx.doi.org/10.1016/j.carres.2009.12.020},
    isbn = {0008-6215},
    doi = {10.1016/j.carres.2009.12.020},
    issn = {00086215},
    pmid = {20097328},
    keywords = {GLYCAM, GROMOS, Iduronic acid, Molecular dynamics, Puckering}
}

@article{Nivedha2015CarbohydrateChaff,
    title = {{Carbohydrate Docking : Sorting the Wheat from the Chaff}},
    year = {2015},
    author = {Nivedha, Anita K and Makeneni, Spandana and Foley, B Lachele and Tessier, Matthew B and Woods, Robert J},
    number = {7},
    pages = {526--539},
    volume = {35},
    doi = {10.1002/jcc.23517.The}
}

@article{Lutteke2005CarbohydratePDB.,
    title = {{Carbohydrate Structure Suite (CSS): analysis of carbohydrate 3D structures derived from the PDB.}},
    year = {2005},
    journal = {Nucleic acids research},
    author = {L{\"{u}}tteke, Thomas and Frank, Martin and von der Lieth, Claus-W},
    number = {Database issue},
    month = {1},
    pages = {242--6},
    volume = {33},
    publisher = {Oxford University Press},
    url = {http://www.ncbi.nlm.nih.gov/pubmed/15608187 http://www.pubmedcentral.nih.gov/articlerender.fcgi?artid=PMC539967},
    doi = {10.1093/nar/gki013},
    issn = {1362-4962},
    pmid = {15608187}
}

@article{Lutteke2005CarbohydratePDB.b,
    title = {{Carbohydrate Structure Suite (CSS): analysis of carbohydrate 3D structures derived from the PDB.}},
    year = {2005},
    journal = {Nucleic acids research},
    author = {L{\"{u}}tteke, Thomas and Frank, Martin and von der Lieth, Claus-W},
    number = {Database issue},
    month = {1},
    pages = {242--6},
    volume = {33},
    publisher = {Oxford University Press},
    url = {http://www.ncbi.nlm.nih.gov/pubmed/15608187 http://www.pubmedcentral.nih.gov/articlerender.fcgi?artid=PMC539967},
    doi = {10.1093/nar/gki013},
    issn = {1362-4962},
    pmid = {15608187}
}

@article{Asensio2013Carbohydrate-aromaticInteractions,
    title = {{Carbohydrate-aromatic interactions}},
    year = {2013},
    journal = {Accounts of Chemical Research},
    author = {Asensio, Juan Luis and Ard{\'{a}}, Ana and Ca{\~{n}}ada, Francisco Javier and Jim{\'{e}}nez-Barbero, Jesús},
    isbn = {0001-4842},
    doi = {10.1021/ar300024d},
    issn = {00014842},
    pmid = {22704792}
}

@article{Bryce2001Carbohydrate-ProteinA,
    title = {{Carbohydrate-Protein Recognition: Molecular Dynamics Simulations and Free Energy Analysis of Oligosaccharide Binding to Concanavalin A}},
    year = {2001},
    journal = {Biophysical Journal},
    author = {Bryce, R.A. and Hillier, I.H. and Naismith, J.H.},
    number = {3},
    month = {9},
    pages = {1373--1388},
    volume = {81},
    publisher = {Cell Press},
    url = {https://www.sciencedirect.com/science/article/pii/S0006349501757931},
    doi = {10.1016/S0006-3495(01)75793-1},
    issn = {0006-3495}
}

@article{Liu2014ChemoenzymaticHeparin.,
    title = {{Chemoenzymatic synthesis of heparan sulfate and heparin.}},
    year = {2014},
    journal = {Natural product reports},
    author = {Liu, Jian and Linhardt, Robert J},
    number = {12},
    month = {12},
    pages = {1676--85},
    volume = {31},
    publisher = {NIH Public Access},
    url = {http://www.ncbi.nlm.nih.gov/pubmed/25197032 http://www.pubmedcentral.nih.gov/articlerender.fcgi?artid=PMC4387879},
    doi = {10.1039/c4np00076e},
    issn = {1460-4752},
    pmid = {25197032}
}

@article{Comeau2007ClusPro:Server,
    title = {{ClusPro: Performance in CAPRI rounds 6-11 and the new server}},
    year = {2007},
    journal = {Proteins: Structure, Function, and Bioinformatics},
    author = {Comeau, Stephen R. and Kozakov, Dima and Brenke, Ryan and Shen, Yang and Beglov, Dmitri and Vajda, Sandor},
    number = {4},
    month = {9},
    pages = {781--785},
    volume = {69},
    publisher = {Wiley-Blackwell},
    url = {http://doi.wiley.com/10.1002/prot.21795},
    doi = {10.1002/prot.21795},
    issn = {08873585},
    keywords = {discrimination by clustering, docking server, fast fourier transform correlation method, protein docking, web‐based computing}
}

@article{Gandhi2012Computationalheparanase,
    title = {{Computational analyses of the catalytic and heparin-binding sites and their interactions with glycosaminoglycans in glycoside hydrolase family 79 endo-{$\beta$}-d-glucuronidase (heparanase)}},
    year = {2012},
    journal = {Glycobiology},
    author = {Gandhi, Neha S and Freeman, Craig and Parish, Christopher R and Mancera, Ricardo L},
    number = {1},
    month = {1},
    pages = {35--55},
    volume = {22},
    publisher = {Oxford University Press},
    url = {https://academic.oup.com/glycob/article-lookup/doi/10.1093/glycob/cwr095},
    doi = {10.1093/glycob/cwr095},
    issn = {1460-2423}
}

@article{Samsonov2016ComputationalComplexes,
    title = {{Computational analysis of interactions in structurally available protein-glycosaminoglycan complexes}},
    year = {2016},
    journal = {Glycobiology},
    author = {Samsonov, Sergey A. and Pisabarro, M. Teresa},
    number = {8},
    pages = {850--861},
    volume = {26},
    doi = {10.1093/glycob/cww055},
    issn = {14602423},
    pmid = {27496767},
    keywords = {MM-GBSA, docking, electrostatic potential, molecular dynamics, protein-glycosaminoglycan interactions}
}

@article{Samsonov2016ComputationalComplexesb,
    title = {{Computational analysis of interactions in structurally available protein–glycosaminoglycan complexes}},
    year = {2016},
    journal = {Glycobiology},
    author = {Samsonov, Sergey A and Pisabarro, M Teresa},
    number = {8},
    month = {8},
    pages = {850--861},
    volume = {26},
    publisher = {Oxford University Press},
    url = {https://academic.oup.com/glycob/article-lookup/doi/10.1093/glycob/cww055},
    doi = {10.1093/glycob/cww055},
    issn = {0959-6658}
}

@article{Goldreich2008ComputationalComplexity,
    title = {{Computational complexity}},
    year = {2008},
    journal = {ACM SIGACT News},
    author = {Goldreich, Oded and {Oded}},
    number = {3},
    month = {9},
    pages = {35},
    volume = {39},
    publisher = {ACM},
    url = {http://portal.acm.org/citation.cfm?doid=1412700.1412710},
    doi = {10.1145/1412700.1412710},
    issn = {01635700}
}

@article{Babik2017ComputationalEvaluation,
    title = {{Computational drill down on FGF1-heparin interactions through methodological evaluation}},
    year = {2017},
    journal = {Glycoconjugate Journal},
    author = {Babik, Sándor and Samsonov, Sergey A. and Pisabarro, M. Teresa},
    number = {3},
    pages = {427--440},
    volume = {34},
    publisher = {Glycoconjugate Journal},
    doi = {10.1007/s10719-016-9745-4},
    issn = {15734986},
    keywords = {Docking, FGF, GAG, Heparin, MM-GBSA, Molecular dynamics, Site-mapping}
}

@article{Woods2010ComputationalComplexes,
    title = {{Computational glycoscience: characterizing the spatial and temporal properties of glycans and glycan–protein complexes}},
    year = {2010},
    journal = {Current Opinion in Structural Biology},
    author = {Woods, Robert J and Tessier, Matthew B},
    number = {5},
    month = {10},
    pages = {575--583},
    volume = {20},
    publisher = {Elsevier Current Trends},
    url = {https://www.sciencedirect.com/science/article/pii/S0959440X10001211},
    doi = {10.1016/J.SBI.2010.07.005},
    issn = {0959-440X}
}

@article{Neumann2004ComputationalInteraction,
    title = {{Computational modeling of the sugar–lectin interaction}},
    year = {2004},
    journal = {Advanced Drug Delivery Reviews},
    author = {Neumann, Dirk and Lehr, Claus-Michael and Lenhof, Hans-Peter and Kohlbacher, Oliver},
    number = {4},
    month = {3},
    pages = {437--457},
    volume = {56},
    publisher = {Elsevier},
    url = {https://www-sciencedirect-com.ezproxy.library.uq.edu.au/science/article/pii/S0169409X03002291},
    doi = {10.1016/J.ADDR.2003.10.019},
    issn = {0169-409X}
}

@article{Potenzone1978ConformationalHyaluronate,
    title = {{Conformational Analysis of Glycosaminoglycans. III. Conformational Properties of Hyaluronic Acid and Sodium Hyaluronate}},
    year = {1978},
    journal = {Polymer Journal},
    author = {Potenzone, R and Hopfinger, A J},
    number = {2},
    month = {2},
    pages = {181--199},
    volume = {10},
    publisher = {Nature Publishing Group},
    url = {http://www.nature.com/doifinder/10.1295/polymj.10.181},
    doi = {10.1295/polymj.10.181},
    issn = {0032-3896}
}

@article{vanBoeckel1987ConformationalAcid,
    title = {{Conformational analysis of synthetic heparin-like oligosaccharides containing {$\alpha$}-L-idopyranosyluronic acid}},
    year = {1987},
    journal = {Recueil des Travaux Chimiques des Pays-Bas},
    author = {van Boeckel, C. A. A. and van Aelst, S. F. and Wagenaars, G. N. and Mellema, J.-R. and Paulsen, H. and Peters, T. and Pollex, A. and Sinnwell, V.},
    number = {1},
    month = {9},
    pages = {19--29},
    volume = {106},
    publisher = {Wiley-Blackwell},
    url = {http://doi.wiley.com/10.1002/recl.19871060102},
    doi = {10.1002/recl.19871060102}
}

@article{Nieto2011ConformationalReceptor,
    title = {{Conformational Selection of the AGA*IAM Heparin Pentasaccharide when Bound to the Fibroblast Growth Factor Receptor}},
    year = {2011},
    journal = {Chemistry - A European Journal},
    author = {Nieto, Lidia and Canales, Ángeles and Gim{\'{e}}nez-Gallego, Guillermo and Nieto, Pedro M. and Jim{\'{e}}nez-Barbero, Jesús},
    number = {40},
    month = {9},
    pages = {11204--11209},
    volume = {17},
    url = {http://doi.wiley.com/10.1002/chem.201101000},
    doi = {10.1002/chem.201101000},
    issn = {09476539}
}

@article{Ferro1990ConformerSequences,
    title = {{Conformer populations of l-iduronic acid residues in glycosaminoglycan sequences}},
    year = {1990},
    journal = {Carbohydrate Research},
    author = {Ferro, Dino R. and Provasoli, Augusto and Ragazzi, Massimo and Casu, Benito and Torri, Giangiacomo and Bossennec, Veronique and Perly, Bruno and Sina{\"{y}}, Pierre and Petitou, Maurice and Choay, Jean},
    number = {2},
    month = {1},
    pages = {157--167},
    volume = {195},
    publisher = {Elsevier},
    url = {https://www.sciencedirect.com/science/article/abs/pii/000862159084164P},
    doi = {10.1016/0008-6215(90)84164-P},
    issn = {0008-6215}
}

@techreport{NivedhaCONSIDERATIONDOCKING,
    title = {{CONSIDERATION OF GLYCOSIDIC TORSION ANGLE PREFERENCES AND CH/{$\pi$} INTERACTIONS IN PROTEIN-CARBOHYDRATE DOCKING}},
    author = {Nivedha, Anita Karen},
    url = {https://getd.libs.uga.edu/pdfs/nivedha_anita_k_201512_phd.pdf}
}

@article{Bhunia2008ConsistentBinding,
    title = {{Consistent Bioactive Conformation of the Neu5Ac{$\alpha$}(2→3)Gal Epitope Upon Lectin Binding}},
    year = {2008},
    journal = {ChemBioChem},
    author = {Bhunia, Anirban and Schwardt, Oliver and G{\"{a}}thje, Heiko and Gao, Gan-Pan and Kelm, Soerge and Benie, Andrew J. and Hricovini, Milos and Peters, Thomas and Ernst, Beat},
    number = {18},
    month = {12},
    pages = {2941--2945},
    volume = {9},
    publisher = {Wiley-Blackwell},
    url = {http://doi.wiley.com/10.1002/cbic.200800458},
    doi = {10.1002/cbic.200800458},
    issn = {14394227},
    keywords = {NMR spectroscopy, bioactive conformation, docking, inhibitors, myelin‐associated glycoprotein}
}

@article{Noor2013ConsistentContributions,
    title = {{Consistent Estimation of Gibbs Energy Using Component Contributions}},
    year = {2013},
    journal = {PLoS Computational Biology},
    author = {Noor, Elad and Haraldsd{\'{o}}ttir, Hulda S. and Milo, Ron and Fleming, Ronan M. T.},
    editor = {Beard, Daniel A.},
    number = {7},
    month = {7},
    pages = {e1003098},
    volume = {9},
    url = {http://dx.plos.org/10.1371/journal.pcbi.1003098},
    doi = {10.1371/journal.pcbi.1003098},
    issn = {1553-7358}
}

@article{Huang1999CrystalResolution,
    title = {{Crystal structure of chondroitinase B from Flavobacterium heparinum and its complex with a disaccharide product at 1.7 {\AA} resolution}},
    year = {1999},
    journal = {Journal of Molecular Biology},
    author = {Huang, Weijun and Matte, Allan and Li, Yunge and Kim, Yeong Shik and Linhardt, Robert J. and Su, Hongsheng and Cygler, Miroslaw},
    isbn = {0022-2836 (Print) 0022-2836 (Linking)},
    doi = {10.1006/jmbi.1999.3292},
    issn = {00222836},
    pmid = {10600383},
    keywords = {Flavobacterium heparinum, Glycosaminoglycan, Lyase, {$\beta$}-helix}
}

@article{Shaya2006CrystalProduct,
    title = {{Crystal structure of heparinase II from Pedobacter heparinus and its complex with a disaccharide product}},
    year = {2006},
    journal = {Journal of Biological Chemistry},
    author = {Shaya, David and Tocilj, Ante and Li, Yunge and Myette, James and Venkataraman, Ganesh and Sasisekharan, Ram and Cygler, Miroslaw},
    number = {22},
    pages = {15525--15535},
    volume = {281},
    isbn = {0021-9258 (Print){\textbackslash}r0021-9258 (Linking)},
    doi = {10.1074/jbc.M512055200},
    issn = {00219258},
    pmid = {16565082}
}

@article{Chang2002CrystalFrom,
    title = {{Crystal Structure of Interleukin-19 Defines a New Subfamily of Helical Cytokines* Downloaded from}},
    year = {2002},
    journal = {THE JOURNAL OF BIOLOGICAL CHEMISTRY},
    author = {Chang, Changsoo and Magracheva, Eugenia and Kozlov, Serguei and Fong, Steven and Tobin, Gregory and Kotenko, Sergei and Wlodawer, Alexander and Zdanov, Alexander},
    number = {5},
    pages = {3308--3313},
    volume = {278},
    publisher = {JBC Papers in Press},
    url = {http://www.rcsb.org/},
    doi = {10.1074/jbc.M208602200}
}

@techreport{Ikemizu1999CrystalResolution,
    title = {{Crystal structure of the CD2-binding domain of CD58 (lymphocyte function-associated antigen 3) at 1.8-{\AA} resolution}},
    year = {1999},
    booktitle = {Biochemistry},
    author = {Ikemizu, Shinji and Sparks, Lisa M and Anton Van Der Merwe, P and Harlos, Karl and Stuart, David I and Yvonne Jones, E and Davis, Simon J},
    pages = {4289--4294},
    volume = {96},
    url = {www.pnas.org.}
}

@article{Li2012CrystalMechanism,
    title = {{Crystal structures of protease nexin-1 in complex with heparin and thrombin suggest a 2-step recognition mechanism}},
    year = {2012},
    journal = {Blood},
    author = {Li, Wei and Huntington, James A.},
    number = {2},
    pages = {459--467},
    volume = {120},
    isbn = {1528-0020 (Electronic){\textbackslash}r0006-4971 (Linking)},
    doi = {10.1182/blood-2012-03-415869},
    issn = {00064971},
    pmid = {22618708}
}

@incollection{Lutteke2009DataData,
    title = {{Data Mining the PDB for Glyco-Related Data}},
    year = {2009},
    booktitle = {Glycomics},
    author = {L{\"{u}}tteke, Thomas and Lieth, Claus W.},
    pages = {293--310},
    publisher = {Humana Press},
    url = {http://link.springer.com/10.1007/978-1-59745-022-5_21},
    address = {Totowa, NJ},
    doi = {10.1007/978-1-59745-022-5{\_}21}
}

@article{Sattelle2012DependenceIdopyranosides,
    title = {{Dependence of Pyranose Ring Puckering on Anomeric Configuration: Methyl Idopyranosides}},
    year = {2012},
    journal = {The Journal of Physical Chemistry B},
    author = {Sattelle, Benedict M. and Bose-Basu, Bidisha and Tessier, Matthew and Woods, Robert J. and Serianni, Anthony S. and Almond, Andrew},
    number = {22},
    month = {6},
    pages = {6380--6386},
    volume = {116},
    publisher = {American Chemical Society},
    url = {http://pubs.acs.org/doi/10.1021/jp303183y},
    doi = {10.1021/jp303183y},
    issn = {1520-6106}
}

@article{Pol-Fachin2008DepictionSolutions,
    title = {{Depiction of the forces participating in the 2-O-sulfo-{$\alpha$}-l-iduronic acid conformational preference in heparin sequences in aqueous solutions}},
    year = {2008},
    journal = {Carbohydrate Research},
    author = {Pol-Fachin, Laercio and Verli, Hugo},
    number = {9},
    month = {7},
    pages = {1435--1445},
    volume = {343},
    url = {http://linkinghub.elsevier.com/retrieve/pii/S0008621508002024},
    doi = {10.1016/j.carres.2008.04.016},
    issn = {00086215}
}

@article{Agostino2014DevelopmentGlycosaminoglycans,
    title = {{Development and application of site mapping methods for the design of glycosaminoglycans}},
    year = {2014},
    journal = {Glycobiology},
    author = {Agostino, Mark and Gandhi, Neha S. and Mancera, Ricardo L.},
    number = {9},
    pages = {840--851},
    volume = {24},
    doi = {10.1093/glycob/cwu045},
    issn = {14602423},
    pmid = {24859723},
    keywords = {glycosaminoglycans, interaction analysis, molecular docking, site mapping, virtual screening}
}

@article{Moustakas2006Development5,
    title = {{Development and validation of a modular, extensible docking program: DOCK 5}},
    year = {2006},
    journal = {Journal of Computer-Aided Molecular Design},
    author = {Moustakas, Demetri T. and Lang, P. Therese and Pegg, Scott and Pettersen, Eric and Kuntz, Irwin D. and Brooijmans, Natasja and Rizzo, Robert C.},
    isbn = {0920-654X},
    doi = {10.1007/s10822-006-9060-4},
    issn = {0920654X},
    pmid = {17149653},
    keywords = {Automated docking, Binding mode prediction, Flexible docking, Incremental construction, Scoring functions, Structure-based drug design, Validation}
}

@article{Hu2012DivergentInteraction,
    title = {{Divergent synthesis of 48 heparan sulfate-based disaccharides and probing the specific sugar-fibroblast growth factor-1 interaction}},
    year = {2012},
    journal = {Journal of the American Chemical Society},
    author = {Hu, Yu Peng and Zhong, Yong Qing and Chen, Zhi Geng and Chen, Chun Yen and Shi, Zhonghao and Zulueta, Medel Manuel L and Ku, Chiao Chu and Lee, Pei Ying and Wang, Cheng Chung and Hung, Shang Cheng},
    number = {51},
    pages = {20722--20727},
    volume = {134},
    isbn = {1520-5126 (Electronic){\textbackslash}r0002-7863 (Linking)},
    doi = {10.1021/ja3090065},
    issn = {00027863},
    pmid = {23240683}
}

@article{Samsonov2011DockingInclusion,
    title = {{Docking glycosaminoglycans to proteins: analysis of solvent inclusion}},
    year = {2011},
    journal = {Journal of Computer-Aided Molecular Design},
    author = {Samsonov, Sergey A. and Teyra, Joan and Pisabarro, M. Teresa},
    number = {5},
    month = {5},
    pages = {477--489},
    volume = {25},
    publisher = {Springer Netherlands},
    url = {http://link.springer.com/10.1007/s10822-011-9433-1},
    doi = {10.1007/s10822-011-9433-1},
    issn = {0920-654X}
}

@article{Bitomsky1999DockingIL-8,
    title = {{Docking of Glycosaminoglycans to Heparin-Binding Proteins: Validation for aFGF, bFGF, and Antithrombin and Application to IL-8}},
    year = {1999},
    author = {Bitomsky, Wolfgang and Wade, Rebecca C},
    url = {https://pubs.acs.org/sharingguidelines},
    isbn = {1468314688},
    doi = {10.1021/ja983319g}
}

@article{Mottarella2014DockingProteins,
    title = {{Docking Server for the Identification of Heparin Binding Sites on Proteins}},
    year = {2014},
    journal = {Journal of Chemical Information and Modeling},
    author = {Mottarella, Scott E. and Beglov, Dmitri and Beglova, Natalia and Nugent, Matthew A. and Kozakov, Dima and Vajda, Sandor},
    number = {7},
    month = {7},
    pages = {2068--2078},
    volume = {54},
    url = {http://www.ncbi.nlm.nih.gov/pubmed/24974889 http://www.pubmedcentral.nih.gov/articlerender.fcgi?artid=PMC4184157 http://pubs.acs.org/doi/10.1021/ci500115j},
    doi = {10.1021/ci500115j},
    issn = {1549-9596},
    pmid = {24974889}
}

@article{Sattelle2013DoesHeparanome,
    title = {{Does Microsecond Sugar Ring Flexing Encode 3D-Shape and Bioactivity in the Heparanome?}},
    year = {2013},
    journal = {Biomacromolecules},
    author = {Sattelle, Benedict M and Shakeri, Javad and Almond, Andrew},
    pages = {20},
    volume = {14},
    publisher = {UTC},
    url = {https://pubs.acs.org/sharingguidelines},
    doi = {10.1021/bm400067g}
}

@article{Zhang2009DoublyKinetics.,
    title = {{Doubly hybrid density functional for accurate descriptions of nonbond interactions, thermochemistry, and thermochemical kinetics.}},
    year = {2009},
    journal = {Proceedings of the National Academy of Sciences of the United States of America},
    author = {Zhang, Ying and Xu, Xin and Goddard, William A},
    number = {13},
    month = {3},
    pages = {4963--8},
    volume = {106},
    publisher = {National Academy of Sciences},
    url = {http://www.ncbi.nlm.nih.gov/pubmed/19276116 http://www.pubmedcentral.nih.gov/articlerender.fcgi?artid=PMC2664054},
    doi = {10.1073/pnas.0901093106},
    issn = {1091-6490},
    pmid = {19276116}
}

@article{Mayo1990DREIDING:Simulations,
    title = {{DREIDING: a generic force field for molecular simulations}},
    year = {1990},
    journal = {The Journal of Physical Chemistry},
    author = {Mayo, Stephen L. and Olafson, Barry D. and Goddard, William A.},
    number = {26},
    month = {12},
    pages = {8897--8909},
    volume = {94},
    publisher = { American Chemical Society },
    url = {http://pubs.acs.org/doi/abs/10.1021/j100389a010},
    doi = {10.1021/j100389a010},
    issn = {0022-3654}
}

@article{Farshi2011DualHedgehog.,
    title = {{Dual roles of the Cardin-Weintraub motif in multimeric Sonic hedgehog.}},
    year = {2011},
    journal = {The Journal of biological chemistry},
    author = {Farshi, Pershang and Ohlig, Stefanie and Pickhinke, Ute and H{\"{o}}ing, Susanne and Jochmann, Katja and Lawrence, Roger and Dreier, Rita and Dierker, Tabea and Grobe, Kay},
    number = {26},
    month = {7},
    pages = {23608--19},
    volume = {286},
    publisher = {American Society for Biochemistry and Molecular Biology},
    url = {http://www.ncbi.nlm.nih.gov/pubmed/21572042 http://www.pubmedcentral.nih.gov/articlerender.fcgi?artid=PMC3123124},
    doi = {10.1074/jbc.M110.206474},
    issn = {1083-351X},
    pmid = {21572042}
}

@article{Zsoldos2007EHiTS:System,
    title = {{eHiTS: A new fast, exhaustive flexible ligand docking system}},
    year = {2007},
    journal = {Journal of Molecular Graphics and Modelling},
    author = {Zsoldos, Zsolt and Reid, Darryl and Simon, Aniko and Sadjad, Sayyed Bashir and Johnson, A. Peter},
    number = {1},
    month = {7},
    pages = {198--212},
    volume = {26},
    publisher = {Elsevier},
    url = {https://www.sciencedirect.com/science/article/pii/S1093326306000994?via%3Dihub},
    doi = {10.1016/J.JMGM.2006.06.002},
    issn = {1093-3263}
}

@book{Miljkovic2014ElectrostaticChemistry,
    title = {{Electrostatic and Stereoelectronic Effects in Carbohydrate Chemistry}},
    year = {2014},
    author = {Miljkovic, Momcilo},
    publisher = {Springer US},
    url = {http://link.springer.com/10.1007/978-1-4614-8268-0},
    address = {Boston, MA},
    isbn = {978-1-4614-8267-3},
    doi = {10.1007/978-1-4614-8268-0}
}

@article{Thompson1994EnergeticDomain,
    title = {{Energetic Characterization of the Basic Fibroblast Growth Factor-Heparin Interaction: Identification of the Heparin Binding Domain}},
    year = {1994},
    journal = {Biochemistry},
    author = {Thompson, Leo D. and Pantoliano, Michael W. and Springer, Barry A.},
    number = {13},
    month = {4},
    pages = {3831--3840},
    volume = {33},
    publisher = {American Chemical Society},
    url = {http://pubs.acs.org/doi/abs/10.1021/bi00179a006},
    doi = {10.1021/bi00179a006},
    issn = {0006-2960}
}

@book{Ferguson2009EssentialsEdition,
    title = {{Essentials of Glycobiology. 2nd edition}},
    year = {2009},
    booktitle = {Essentials of Glycobiology. 2nd edition. Cold Spring Harbor (NY): Cold Spring Harbor Laboratory Press; 2009. Chapter 11. Figure 11.6},
    author = {Ferguson, Michael AJ and Kinoshita, Taroh and Hart, Gerald W},
    isbn = {9780879697709},
    doi = {10.1016/S0962-8924(00)01855-9},
    issn = {09628924},
    pmid = {20301244},
    arxivId = {NBK1917}
}

@article{Sarkar2016EstimatingInteraction.,
    title = {{Estimating glycosaminoglycan-protein interaction affinity: water dominates the specific antithrombin-heparin interaction.}},
    year = {2016},
    journal = {Glycobiology},
    author = {Sarkar, Aurijit and Yu, Wenbo and Desai, Umesh R and MacKerell, Alexander D and Mosier, Philip D},
    number = {10},
    pages = {1041--1047},
    volume = {26},
    publisher = {Oxford University Press},
    url = {http://www.ncbi.nlm.nih.gov/pubmed/27496757 http://www.pubmedcentral.nih.gov/articlerender.fcgi?artid=PMC5072149},
    doi = {10.1093/glycob/cww073},
    issn = {1460-2423},
    pmid = {27496757},
    keywords = {CHARMM, desolvation, free-energy perturbation, molecular dynamics, specificity}
}

@article{CsonkaEvaluationCarbohydrates,
    title = {{Evaluation of Density Functionals and Basis Sets for Carbohydrates}},
    author = {Csonka, Gábor I and French, Alfred D and Johnson, Glenn P and Stortz, Carlos A},
    url = {https://pubs.acs.org/sharingguidelines},
    doi = {10.1021/ct8004479}
}

@article{Ferro1986EvidenceStudies,
    title = {{Evidence for Conformational Equilibrium of the Sulfated L-Iduronate Residue in Heparin and in Synthetic Heparin Mono- and Oligosaccharides: NMR and Force-Field Studies}},
    year = {1986},
    journal = {Journal of the American Chemical Society},
    author = {Ferro, Dino R. and Provasoli, Augusto and Ragazzi, Massimo and Torri, Giangiacomo and Casu, Benito and Gatti, Giuseppe and Jacquinet, Jean Claude and Sina{\"{y}}, Pierre and Petitou, Maurice and Choay, Jean},
    number = {21},
    pages = {6773--6778},
    volume = {108},
    isbn = {0002-7863},
    doi = {10.1021/ja00281a052},
    issn = {15205126}
}

@article{Ferro1986EvidenceStudiesb,
    title = {{Evidence for Conformational Equilibrium of the Sulfated L-Iduronate Residue in Heparin and in Synthetic Heparin Mono-and Oligosaccharides: NMR and Force-Field Studies}},
    year = {1986},
    journal = {J. Am. Chem. Soc},
    author = {Ferro, Dino R and Provasoli, Augusto and Ragazzi, Massimo and Torri, Giangiacomo and Casu, Benito and Gatti, Giuseppe and Jacquinet, Jean-Claude and Sinay, Pierre and Petitou, Maurice and Choay11, Jean},
    pages = {6773--6778},
    volume = {108},
    url = {https://pubs.acs.org/sharingguidelines}
}

@article{Singh2016ExtensionGlycosaminoglycans,
    title = {{Extension and validation of the GLYCAM force field parameters for modeling glycosaminoglycans}},
    year = {2016},
    journal = {Canadian Journal of Chemistry},
    author = {Singh, Arunima and Tessier, Matthew B. and Pederson, Kari and Wang, Xiaocong and Venot, Andre P. and Boons, Geert-Jan and Prestegard, James H. and Woods, Robert J.},
    number = {11},
    month = {11},
    pages = {927--935},
    volume = {94},
    publisher = { NRC Research Press},
    url = {http://www.nrcresearchpress.com/doi/10.1139/cjc-2015-0606},
    doi = {10.1139/cjc-2015-0606},
    issn = {0008-4042},
    keywords = {GLYCAM, cr{\'{e}}ation d’un champ de force, force field development, glycosaminoglycanes, glycosaminoglycans, heparin, h{\'{e}}parine}
}

@article{Guimond1999FibroblastSaccharides.,
    title = {{Fibroblast growth factor receptor signalling is dictated by specific heparan sulphate saccharides.}},
    year = {1999},
    journal = {Current biology : CB},
    author = {Guimond, S E and Turnbull, J E},
    number = {22},
    month = {11},
    pages = {1343--6},
    volume = {9},
    url = {http://www.ncbi.nlm.nih.gov/pubmed/10574766},
    doi = {10.1016/s0960-9822(00)80060-3},
    issn = {0960-9822},
    pmid = {10574766}
}

@article{Raghuraman2006FindingSequences,
    title = {{Finding a Needle in a Haystack:  Development of a Combinatorial Virtual Screening Approach for Identifying High Specificity Heparin/Heparan Sulfate Sequence(s)}},
    year = {2006},
    journal = {Journal of Medicinal Chemistry},
    author = {Raghuraman, Arjun and Mosier, Philip D. and Desai, Umesh R.},
    number = {12},
    month = {6},
    pages = {3553--3562},
    volume = {49},
    url = {http://www.ncbi.nlm.nih.gov/pubmed/16759098 http://www.pubmedcentral.nih.gov/articlerender.fcgi?artid=PMC2516555 http://pubs.acs.org/doi/abs/10.1021/jm060092o},
    doi = {10.1021/jm060092o},
    issn = {0022-2623},
    pmid = {16759098}
}

@article{Samsonov2014FlexibilitySystems,
    title = {{Flexibility and Explicit Solvent in Molecular-Dynamics-Based Docking of Protein–Glycosaminoglycan Systems}},
    year = {2014},
    journal = {Journal of Chemical Information and Modeling},
    author = {Samsonov, Sergey A. and Gehrcke, Jan-Philip and Pisabarro, M. Teresa},
    number = {2},
    month = {2},
    pages = {582--592},
    volume = {54},
    publisher = {American Chemical Society},
    url = {http://pubs.acs.org/doi/10.1021/ci4006047},
    doi = {10.1021/ci4006047},
    issn = {1549-9596}
}

@article{Samsonov2014FlexibilitySystemsb,
    title = {{Flexibility and Explicit Solvent in Molecular-Dynamics-Based Docking of Protein–Glycosaminoglycan Systems}},
    year = {2014},
    journal = {Journal of Chemical Information and Modeling},
    author = {Samsonov, Sergey A. and Gehrcke, Jan-Philip and Pisabarro, M. Teresa},
    number = {2},
    month = {2},
    pages = {582--592},
    volume = {54},
    publisher = {American Chemical Society},
    url = {http://pubs.acs.org/doi/10.1021/ci4006047},
    doi = {10.1021/ci4006047},
    issn = {1549-9596}
}

@article{Dommert2012ForceDevelopments,
    title = {{Force Fields for Studying the Structure and Dynamics of Ionic Liquids: A Critical Review of Recent Developments}},
    year = {2012},
    journal = {ChemPhysChem},
    author = {Dommert, Florian and Wendler, Katharina and Berger, Robert and Delle Site, Luigi and Holm, Christian},
    number = {7},
    month = {5},
    pages = {1625--1637},
    volume = {13},
    publisher = {Wiley-Blackwell},
    url = {http://doi.wiley.com/10.1002/cphc.201100997},
    doi = {10.1002/cphc.201100997},
    issn = {14394235},
    keywords = {density functional calculations, force fields, ionic liquids, molecular dynamics, molecular modeling}
}

@article{Gandhi2009FreeInteractions,
    title = {{Free energy calculations of glycosaminoglycan - Protein interactions}},
    year = {2009},
    journal = {Glycobiology},
    author = {Gandhi, Neha S. and Mancera, Ricardo L.},
    number = {10},
    pages = {1103--1115},
    volume = {19},
    doi = {10.1093/glycob/cwp101},
    issn = {09596658},
    pmid = {19643843},
    keywords = {AMBER, Annexin, GLYCAM, Heparin, PECAM-1}
}

@article{Cremer1975GeneralCoordinates,
    title = {{General definition of ring puckering coordinates}},
    year = {1975},
    journal = {Journal of the American Chemical Society},
    author = {Cremer, D. and Pople, J. A.},
    number = {6},
    month = {3},
    pages = {1354--1358},
    volume = {97},
    url = {http://pubs.acs.org/doi/abs/10.1021/ja00839a011},
    doi = {10.1021/ja00839a011},
    issn = {0002-7863}
}

@article{Anderson2008GeneralUnits,
    title = {{General purpose molecular dynamics simulations fully implemented on graphics processing units}},
    year = {2008},
    journal = {Journal of Computational Physics},
    author = {Anderson, Joshua A. and Lorenz, Chris D. and Travesset, A.},
    number = {10},
    month = {5},
    pages = {5342--5359},
    volume = {227},
    publisher = {Academic Press},
    url = {https://www.sciencedirect.com/science/article/pii/S0021999108000818},
    doi = {10.1016/J.JCP.2008.01.047},
    issn = {0021-9991}
}

@article{Kirschner2008GLYCAM06:Carbohydrates,
    title = {{GLYCAM06: A generalizable biomolecular force field. carbohydrates}},
    year = {2008},
    journal = {Journal of Computational Chemistry},
    author = {Kirschner, Karl N. and Yongye, Austin B. and Tschampel, Sarah M. and Gonz{\'{a}}lez-Outeiri{\~{n}}o, Jorge and Daniels, Charlisa R. and Foley, B. Lachele and Woods, Robert J.},
    isbn = {0192-8651},
    doi = {10.1002/jcc.20820},
    issn = {01928651},
    pmid = {17849372},
    arxivId = {NIHMS150003},
    keywords = {AMBER, Carbohydrate, Force field, GLYCAM, Molecular dynamics, Parameter development}
}

@article{Pomin2018Glycosaminoglycan-ProteinSpectroscopy,
    title = {{Glycosaminoglycan-Protein Interactions by Nuclear Magnetic Resonance (NMR) Spectroscopy}},
    year = {2018},
    journal = {Molecules},
    author = {Pomin, Vitor and Wang, Xu},
    number = {9},
    pages = {2314},
    volume = {23},
    url = {http://www.mdpi.com/1420-3049/23/9/2314},
    doi = {10.3390/molecules23092314},
    issn = {1420-3049},
    keywords = {gag binding site, gag-protein interactions, glycosaminoglycan, isotopic labeling, nmr, paramagnetic labeling}
}

@article{Hileman1998Glycosaminoglycan-proteinProteins,
    title = {{Glycosaminoglycan-protein interactions: Definition of consensus sites in glycosaminoglycan binding proteins}},
    year = {1998},
    journal = {BioEssays},
    author = {Hileman, Ronald E. and Fromm, Jonathan R. and Weiler, John M. and Linhardt, Robert J.},
    number = {2},
    pages = {156--167},
    volume = {20},
    isbn = {0265-9247 (Print){\textbackslash}n0265-9247 (Linking)},
    doi = {10.1002/(SICI)1521-1878(199802)20:2<156::AID-BIES8>3.0.CO;2-R},
    issn = {02659247},
    pmid = {9631661}
}

@article{Kuschert1999GlycosaminoglycansResponses,
    title = {{Glycosaminoglycans Interact Selectively with Chemokines and Modulate Receptor Binding and Cellular Responses}},
    year = {1999},
    journal = {Glaxo Wellcome Research and DeVelopment},
    author = {Kuschert, Gabriele S V and Coulin, Florence and Power, Christine A and Proudfoot, Amanda E I and Hubbard, Rod E and Hoogewerf, Arlene J and Wells, Timothy N C},
    volume = {14},
    url = {https://pubs.acs.org/sharingguidelines},
    doi = {10.1021/bi990711d}
}

@article{Lamberg1974Glycosaminoglycans.Unive,
    title = {{Glycosaminoglycans. A Biochemical and Clinical Review††From the Departments of Medicine, Pediatrics, and Biochemistry, The Joseph P. Kennedy Jr. Mental Retardation Center, and the LaRabida-University of Chicago Institute, Pritzer School of Medicine, Unive}},
    year = {1974},
    journal = {Journal of Investigative Dermatology},
    author = {Lamberg, Stanford I. and Stoolmiller, Allen C.},
    number = {6},
    pages = {433--449},
    volume = {63},
    url = {http://linkinghub.elsevier.com/retrieve/pii/S0022202X15444100},
    doi = {10.1111/1523-1747.ep12680346},
    issn = {0022202X}
}

@article{Boese2004HEAT:Thermochemistry,
    title = {{HEAT: High accuracy extrapolated ab initio thermochemistry}},
    year = {2004},
    journal = {Citation: The Journal of Chemical Physics},
    author = {Boese, A Daniel and Oren, Mikhal and Atasoylu, Onur and Martin, Jan M L and K{\'{a}}llay, Mihály and Gauss, Jürgen and Ly, Mihá and Llay, Ká and Rgen Gauss, Jü},
    pages = {7764},
    volume = {120},
    url = {http://aip.scitation.org/toc/jcp/120/9},
    isbn = {10.1063/1.477422},
    doi = {10.1063/1.1638736}
}

@article{Zong2017HeparanRequirements,
    title = {{Heparan Sulfate Microarray Reveals That Heparan Sulfate-Protein Binding Exhibits Different Ligand Requirements}},
    year = {2017},
    journal = {Journal of the American Chemical Society},
    author = {Zong, Chengli and Venot, Andre and Li, Xiuru and Lu, Weigang and Xiao, Wenyuan and Wilkes, Jo Setti L. and Salanga, Catherina L. and Handel, Tracy M. and Wang, Lianchun and Wolfert, Margreet A. and Boons, Geert Jan},
    doi = {10.1021/jacs.7b01399},
    issn = {15205126},
    pmid = {28651046}
}

@article{Vlodavsky2001HeparanAngiogenesis,
    title = {{Heparan sulfate proteoglycans Molecular properties and involvement of heparanase in cancer metastasis and angiogenesis}},
    year = {2001},
    journal = {Journal of Clinical Investigations},
    author = {Vlodavsky, Israel and Friedmann, Yael},
    number = {3},
    pages = {341--347},
    volume = {108},
    isbn = {0021-9738 (Print){\textbackslash}r0021-9738 (Linking)},
    doi = {10.1172/JCI200113662.Studies},
    issn = {0021-9738},
    pmid = {11489924}
}

@article{Iozzo2001HeparanArena,
    title = {{Heparan sulfate proteoglycans: Heavy hitters in the angiogenesis arena}},
    year = {2001},
    journal = {Journal of Clinical Investigation},
    author = {Iozzo, Renato V. and San Antonio, James D.},
    number = {3},
    pages = {349--355},
    volume = {108},
    isbn = {0021-9738},
    doi = {10.1172/JCI200113738},
    issn = {00219738},
    pmid = {11489925}
}

@article{Scholefield2003HeparanBeta-secretase.,
    title = {{Heparan sulfate regulates amyloid precursor protein processing by BACE1, the Alzheimer's beta-secretase.}},
    year = {2003},
    journal = {The Journal of cell biology},
    author = {Scholefield, Zoe and Yates, Edwin A and Wayne, Gareth and Amour, Augustin and McDowell, William and Turnbull, Jeremy E},
    number = {1},
    month = {10},
    pages = {97--107},
    volume = {163},
    publisher = {Rockefeller University Press},
    url = {http://www.ncbi.nlm.nih.gov/pubmed/14530380 http://www.pubmedcentral.nih.gov/articlerender.fcgi?artid=PMC2173449},
    doi = {10.1083/jcb.200303059},
    issn = {0021-9525},
    pmid = {14530380}
}

@article{Gallagher2001HeparanMenu,
    title = {{Heparan sulfate: Growth control with a restricted sequence menu}},
    year = {2001},
    journal = {Journal of Clinical Investigation},
    author = {Gallagher, J. T.},
    number = {3},
    pages = {357--361},
    volume = {108},
    isbn = {0021-9738 (Print){\textbackslash}n0021-9738 (Linking)},
    doi = {10.1172/JCI13713},
    issn = {00219738},
    pmid = {11489926}
}

@article{Shriver2012HeparinMicroheterogeneity,
    title = {{Heparin and Heparan sulfate: Analyzing structure and microheterogeneity}},
    year = {2012},
    journal = {Handbook of Experimental Pharmacology},
    author = {Shriver, Zachary and Capila, Ishan and Venkataraman, Ganesh and Sasisekharan, Ram},
    isbn = {9783642230554},
    doi = {10.1007/978-3-642-23056-1{\_}8},
    issn = {01712004},
    pmid = {22566225},
    arxivId = {1011.1669},
    keywords = {Biosynthesis, Conformation, Heparan sulfate, Heparin, Mass spectrometry, Microheterogeneity, Nuclear magnetic resonance, Structural analysis, Structure-function relationships.}
}

@article{Nahain2018HeparinActivity,
    title = {{Heparin mimetics with anticoagulant activity}},
    year = {2018},
    journal = {Medicinal Research Reviews},
    author = {Nahain, Abdullah Al and Ignjatovic, Vera and Monagle, Paul and Tsanaktsidis, John and Ferro, Vito},
    number = {December 2017},
    pages = {1--32},
    doi = {10.1002/med.21489},
    issn = {10981128},
    keywords = {Anticoagulants, Glycopolymers, Heparin, Heparin mimetics, Sulfated oligosaccharides}
}

@article{Faham1996HeparinFactor,
    title = {{Heparin structure and interactions with basic fibroblast growth factor}},
    year = {1996},
    journal = {Science},
    author = {Faham, S and Hileman, R E and Fromm, Jonathan R and Linhardt, R J and Rees, D C},
    number = {5252},
    pages = {1116},
    volume = {271},
    isbn = {0036-8075}
}

@article{Faham1996HeparinFactor.,
    title = {{Heparin structure and interactions with basic fibroblast growth factor.}},
    year = {1996},
    journal = {Science (New York, N.Y.)},
    author = {Faham, S and Hileman, R E and Fromm, J R and Linhardt, R J and Rees, D C},
    number = {5252},
    month = {2},
    pages = {1116--20},
    volume = {271},
    publisher = {American Association for the Advancement of Science},
    url = {http://www.ncbi.nlm.nih.gov/pubmed/8599088},
    doi = {10.1126/SCIENCE.271.5252.1116},
    issn = {0036-8075},
    pmid = {8599088}
}

@article{LeBrasseur2003HeparinBrain,
    title = {{Heparin sustains the brain}},
    year = {2003},
    journal = {The Journal of Cell Biology},
    author = {LeBrasseur, Nicole},
    number = {1},
    month = {10},
    pages = {1--10},
    volume = {163},
    url = {http://www.jcb.org/lookup/doi/10.1083/jcb1632iti1},
    doi = {10.1083/jcb1632iti1},
    issn = {0021-9525}
}

@article{LeBrasseur2003HeparinBrainb,
    title = {{Heparin sustains the brain}},
    year = {2003},
    journal = {The Journal of Cell Biology},
    author = {LeBrasseur, Nicole},
    number = {1},
    month = {10},
    pages = {1--10},
    volume = {163},
    publisher = {Rockefeller University Press},
    url = {http://www.jcb.org/lookup/doi/10.1083/jcb1632iti1},
    doi = {10.1083/jcb1632iti1},
    issn = {0021-9525}
}

@article{Watson1997Heparin-bindingAmylin,
    title = {{Heparin-binding Properties of the Amyloidogenic Peptides A{$\beta$} and Amylin}},
    year = {1997},
    journal = {Journal of Biological Chemistry},
    author = {Watson, Deborah J. and Lander, Arthur D. and Selkoe, Dennis J.},
    number = {50},
    month = {12},
    pages = {31617--31624},
    volume = {272},
    url = {http://www.ncbi.nlm.nih.gov/pubmed/1533636 http://www.jbc.org/lookup/doi/10.1074/jbc.272.50.31617},
    doi = {10.1074/jbc.272.50.31617},
    issn = {0021-9258},
    pmid = {1533636}
}

@article{Capila2002Heparin-proteinInteractions.,
    title = {{Heparin-protein interactions.}},
    year = {2002},
    journal = {Angewandte Chemie (International ed. in English)},
    author = {Capila, Ishan and Linhardt, Robert J},
    isbn = {1521-3773},
    doi = {10.1002/1521-3773(20020201)41:3<390::AID-ANIE390>3.0.CO;2-B},
    issn = {1433-7851},
    pmid = {12491369},
    keywords = {carbohydrates, coagula-, heparin, medicinal chemistry, molecular recognition, tion}
}

@article{Huo2017HHSAccess,
    title = {{HHS Public Access}},
    year = {2017},
    author = {Huo, Yuankai and Aboud, Katherine and Kang, Hakmook and Cutting, Laurie E and Bennett, A},
    number = {11},
    pages = {1--13},
    volume = {94},
    isbn = {9783319467207},
    doi = {10.1007/978-3-319-46720-7},
    issn = {1527-5418},
    pmid = {26928661},
    arxivId = {15334406}
}

@article{Lunin2004High-resolutionMechanism,
    title = {{High-resolution crystal structure of Arthrobacter aurescens chondroitin AC lyase: An enzyme-substrate complex defines the catalytic mechanism}},
    year = {2004},
    journal = {Journal of Molecular Biology},
    author = {Lunin, Vladimir V. and Li, Yunge and Linhardt, Robert J. and Miyazono, Hirofumi and Kyogashima, Mamoru and Kaneko, Takuji and Bell, Alexander W. and Cygler, Miroslaw},
    doi = {10.1016/j.jmb.2003.12.071},
    issn = {00222836},
    pmid = {15003453},
    keywords = {Arthrobacter aurescens, Catalytic mechanism, Chondroitin lyase, Chondroitinase AC, GAG, glycosaminoglycan, MS, mass spectrometry, Substrate binding}
}

@article{Shan2011HowSite,
    title = {{How does a drug molecule find its target binding site?}},
    year = {2011},
    journal = {Journal of the American Chemical Society},
    author = {Shan, Yibing and Kim, Eric T and Eastwood, Michael P and Dror, Ron O and Seeliger, Markus A and Shaw, David E},
    number = {24},
    month = {6},
    pages = {9181--3},
    volume = {133},
    publisher = {NIH Public Access},
    url = {http://www.ncbi.nlm.nih.gov/pubmed/21545110 http://www.pubmedcentral.nih.gov/articlerender.fcgi?artid=PMC3221467},
    doi = {10.1021/ja202726y},
    issn = {1520-5126},
    pmid = {21545110}
}

@article{Li2001HyaluronanLyase.,
    title = {{Hyaluronan binding and degradation by Streptococcus agalactiae hyaluronate lyase.}},
    year = {2001},
    journal = {The Journal of biological chemistry},
    author = {Li, S and Jedrzejas, M J},
    number = {44},
    month = {11},
    pages = {41407--16},
    volume = {276},
    publisher = {American Society for Biochemistry and Molecular Biology},
    url = {http://www.ncbi.nlm.nih.gov/pubmed/11527972},
    doi = {10.1074/jbc.M106634200},
    issn = {0021-9258},
    pmid = {11527972}
}

@article{Davis1997HydrogenHypothesis,
    title = {{Hydrogen Bonding , Hydrophobic Interactions , and Failure of the Rigid Receptor Hypothesis}},
    year = {1997},
    author = {Davis, Andrew M and Teague, Simon J}
}

@article{Clarris1997IdentificationMapping.,
    title = {{Identification of heparin-binding domains in the amyloid precursor protein of Alzheimer's disease by deletion mutagenesis and peptide mapping.}},
    year = {1997},
    journal = {Journal of neurochemistry},
    author = {Clarris, H J and Cappai, R and Heffernan, D and Beyreuther, K and Masters, C L and Small, D H},
    number = {3},
    month = {3},
    pages = {1164--72},
    volume = {68},
    url = {http://www.ncbi.nlm.nih.gov/pubmed/9048763},
    doi = {10.1046/j.1471-4159.1997.68031164.x},
    issn = {0022-3042},
    pmid = {9048763}
}

@article{Queiroz2015ImpactMD,
    title = {{Impact of sulfation pattern on the conformation and dynamics of sulfated fucan oligosaccharides as revealed by NMR and MD}},
    year = {2015},
    journal = {Glycobiology},
    author = {Queiroz, Ismael NL and Wang, Xiaocong and Glushka, John N and Santos, Gustavo RC and Valente, Ana P and Prestegard, James H and Woods, Robert J and Mour{\~{a}}o, Paulo AS and Pomin, Vitor H},
    number = {5},
    month = {5},
    pages = {535--547},
    volume = {25},
    publisher = {Oxford University Press},
    url = {https://academic.oup.com/glycob/article-lookup/doi/10.1093/glycob/cwu184},
    doi = {10.1093/glycob/cwu184},
    issn = {1460-2423}
}

@article{Yang2018InAlerts.,
    title = {{In Silico Prediction of Chemical Toxicity for Drug Design Using Machine Learning Methods and Structural Alerts.}},
    year = {2018},
    journal = {Frontiers in chemistry},
    author = {Yang, Hongbin and Sun, Lixia and Li, Weihua and Liu, Guixia and Tang, Yun},
    pages = {30},
    volume = {6},
    publisher = {Frontiers Media SA},
    url = {http://www.ncbi.nlm.nih.gov/pubmed/29515993 http://www.pubmedcentral.nih.gov/articlerender.fcgi?artid=PMC5826228},
    doi = {10.3389/fchem.2018.00030},
    issn = {2296-2646},
    pmid = {29515993},
    keywords = {chemical toxicity, drug design, drug safety, machine learning, structural alerts}
}

@incollection{Raman2009InformaticsGlycosaminoglycans,
    title = {{Informatics Concepts to Decode Structure-Function Relationships of Glycosaminoglycans}},
    year = {2009},
    booktitle = {Bioinformatics for Glycobiology and Glycomics: An Introduction},
    author = {Raman, Rahul and Raguram, S. and Sasisekharan, Ram},
    isbn = {9780470029619},
    doi = {10.1002/9780470029619.ch14},
    keywords = {Chemical Structure of GAGs, Glycosaminoglycans (GAGs), PEN-MALDI, Pedobacter heparinus, Proteus vulgaris}
}

@article{Kreuger2006InteractionsSpecificity,
    title = {{Interactions between heparan sulfate and proteins: The concept of specificity}},
    year = {2006},
    journal = {Journal of Cell Biology},
    author = {Kreuger, Johan and Spillmann, Dorothe and Li, Jin Ping and Lindahl, Ulf},
    number = {3},
    pages = {323--327},
    volume = {174},
    isbn = {0021-9525 (Print){\textbackslash}r0021-9525 (Linking)},
    doi = {10.1083/jcb.200604035},
    issn = {00219525},
    pmid = {16880267}
}

@article{Kreuger2006InteractionsSpecificityb,
    title = {{Interactions between heparan sulfate and proteins: The concept of specificity}},
    year = {2006},
    journal = {Journal of Cell Biology},
    author = {Kreuger, Johan and Spillmann, Dorothe and Li, Jin Ping and Lindahl, Ulf},
    number = {3},
    pages = {323--327},
    volume = {174},
    isbn = {0021-9525 (Print){\textbackslash}r0021-9525 (Linking)},
    doi = {10.1083/jcb.200604035},
    issn = {00219525},
    pmid = {16880267}
}

@book{Jensen2007IntroductionEdition,
    title = {{Introduction to Computational Chemistry 2nd Edition}},
    year = {2007},
    author = {Jensen, Frank and Wiley, John},
    publisher = {Wiley},
    url = {https://www.researchgate.net/profile/Frank_Jensen4/publication/39819742_An_Introduction_to_Computational_Chemistry/links/00b49526abbd0c0ce0000000/An-Introduction-to-Computational-Chemistry.pdf}
}

@article{Mobius2013InvestigationApproach,
    title = {{Investigation of lysine side chain interactions of interleukin-8 with heparin and other glycosaminoglycans studied by a methylation-NMR approach}},
    year = {2013},
    journal = {Glycobiology},
    author = {Mobius, K. and Nordsieck, K. and Pichert, A. and Samsonov, S. A. and Thomas, L. and Schiller, J. and Kalkhof, S. and Teresa Pisabarro, M. and Beck-Sickinger, A. G. and Huster, D.},
    number = {11},
    month = {11},
    pages = {1260--1269},
    volume = {23},
    publisher = {Oxford University Press},
    url = {https://academic.oup.com/glycob/article-lookup/doi/10.1093/glycob/cwt062},
    doi = {10.1093/glycob/cwt062},
    issn = {0959-6658}
}

@article{Sattelle2011IsChair,
    title = {{Is N-acetyl-d-glucosamine a rigid 4C1 chair?}},
    year = {2011},
    journal = {Glycobiology},
    author = {Sattelle, Benedict M and Almond, Andrew},
    number = {12},
    month = {12},
    pages = {1651--1662},
    volume = {21},
    publisher = {Oxford University Press},
    url = {https://academic.oup.com/glycob/article-lookup/doi/10.1093/glycob/cwr101},
    doi = {10.1093/glycob/cwr101},
    issn = {1460-2423}
}

@article{Shoichet1999LigandDocking,
    title = {{Ligand solvation in molecular docking}},
    year = {1999},
    journal = {Proteins: Structure, Function, and Genetics},
    author = {Shoichet, Brian K. and Leach, Andrew R. and Kuntz, Irwin D.},
    number = {1},
    month = {1},
    pages = {4--16},
    volume = {34},
    publisher = {Wiley-Blackwell},
    url = {http://doi.wiley.com/10.1002/%28SICI%291097-0134%2819990101%2934%3A1%3C4%3A%3AAID-PROT2%3E3.0.CO%3B2-6},
    doi = {10.1002/(SICI)1097-0134(19990101)34:1<4::AID-PROT2>3.0.CO;2-6},
    issn = {0887-3585},
    keywords = {computer‐aided drug design, database search, molecular docking, solvation, structure‐based drug design}
}

@article{Ain2015Machine-learningScreening,
    title = {{Machine-learning scoring functions to improve structure-based binding affinity prediction and virtual screening}},
    year = {2015},
    journal = {Wiley Interdisciplinary Reviews: Computational Molecular Science},
    author = {Ain, Qurrat Ul and Aleksandrova, Antoniya and Roessler, Florian D. and Ballester, Pedro J.},
    number = {6},
    month = {11},
    pages = {405--424},
    volume = {5},
    publisher = {Wiley/Blackwell (10.1111)},
    url = {http://doi.wiley.com/10.1002/wcms.1225},
    doi = {10.1002/wcms.1225},
    issn = {17590876}
}

@article{Hansen2015Making40-mer,
    title = {{Making the longest sugars: a chemical synthesis of heparin-related [4] <sub>n</sub> oligosaccharides from 16-mer to 40-mer}},
    year = {2015},
    journal = {Chemical Science},
    author = {Hansen, Steen U. and Miller, Gavin J. and Cliff, Matthew J. and Jayson, Gordon C. and Gardiner, John M.},
    number = {11},
    month = {10},
    pages = {6158--6164},
    volume = {6},
    publisher = {The Royal Society of Chemistry},
    url = {http://xlink.rsc.org/?DOI=C5SC02091C},
    doi = {10.1039/C5SC02091C},
    issn = {2041-6520}
}

@article{Kowitsch2018MedicalReview,
    title = {{Medical application of glycosaminoglycans: a review}},
    year = {2018},
    journal = {Journal of Tissue Engineering and Regenerative Medicine},
    author = {K{\"{o}}witsch, Alexander and Zhou, Guoying and Groth, Thomas},
    number = {1},
    pages = {e23-e41},
    volume = {12},
    isbn = {1932-6254},
    doi = {10.1002/term.2398},
    issn = {19327005},
    pmid = {20872739},
    arxivId = {NIHMS150003},
    keywords = {biomaterials, chemical modification, glycosaminoglycans, hydrogels, immobilization, proteoglycans, tissue engineering}
}

@article{Li2008MolecularComplex.,
    title = {{Molecular basis of thrombin recognition by protein C inhibitor revealed by the 1.6-A structure of the heparin-bridged complex.}},
    year = {2008},
    journal = {Proceedings of the National Academy of Sciences of the United States of America},
    author = {Li, Wei and Adams, Ty E T.E. and Nangalia, Jyoti and Esmon, C.T. Charles T and Huntington, James A J.A.},
    number = {12},
    pages = {4661--6},
    volume = {105},
    url = {http://www.pnas.org/content/105/12/4661},
    isbn = {1091-6490 (Electronic){\textbackslash}r0027-8424 (Linking)},
    doi = {10.1073/pnas.0711055105},
    issn = {1091-6490},
    pmid = {18362344},
    keywords = {Crystallography, Heparin, Heparin: chemistry, Heparin: metabolism, Humans, Models, Molecular, Mutagenesis, Protein C Inhibitor, Protein C Inhibitor: chemistry, Protein C Inhibitor: metabolism, Protein Structure, Secondary, Thrombin, Thrombin: chemistry, Thrombin: metabolism, Thrombomodulin, X-Ray}
}

@article{Shoichet1992MolecularDescriptors,
    title = {{Molecular docking using shape descriptors}},
    year = {1992},
    journal = {Journal of Computational Chemistry},
    author = {Shoichet, Brian K. and Kuntz, Irwin D. and Bodian, Dale L.},
    number = {3},
    month = {4},
    pages = {380--397},
    volume = {13},
    publisher = {Wiley-Blackwell},
    url = {http://doi.wiley.com/10.1002/jcc.540130311},
    doi = {10.1002/jcc.540130311},
    issn = {0192-8651}
}

@article{Kulke2017MolecularCollagen,
    title = {{Molecular dynamics simulations on networks of heparin and collagen}},
    year = {2017},
    journal = {Proteins: Structure, Function and Bioinformatics},
    author = {Kulke, Martin and Geist, Norman and Friedrichs, Wenke and Langel, Walter},
    doi = {10.1002/prot.25277},
    issn = {10970134},
    keywords = {fibril overlap region, principle component analysis, protein interaction, protein structure, replica exchange, telopeptides}
}

@article{Uciechowska-Kaczmarzyk2018MolecularInteractions,
    title = {{Molecular dynamics-based model of VEGF-A and its heparin interactions}},
    year = {2018},
    journal = {Journal of Molecular Graphics and Modelling},
    author = {Uciechowska-Kaczmarzyk, Urszula and Babik, Sándor and Zsila, Ferenc and Bojarski, Krzysztof Kamil and Beke-Somfai, Tamás and Samsonov, Sergey A.},
    doi = {10.1016/j.jmgm.2018.04.015},
    issn = {18734243},
    pmid = {29738889},
    keywords = {Circular dichroism spectroscopy, Molecular docking, Protein-glycosaminoglycan interactions, Replica exchange molecular dynamics, VEGF}
}

@article{CardinMolecularInteractions.,
    title = {{Molecular modeling of protein-glycosaminoglycan interactions.}},
    journal = {Arteriosclerosis (Dallas, Tex.)},
    author = {Cardin, A D and Weintraub, H J},
    number = {1},
    pages = {21--32},
    volume = {9},
    url = {http://www.ncbi.nlm.nih.gov/pubmed/2463827},
    issn = {0276-5047},
    pmid = {2463827}
}

@article{Engler2018Multiple-ChoiceMolecules,
    title = {{Multiple-Choice Knapsack for Assigning Partial Atomic Charges in Drug-Like Molecules}},
    year = {2018},
    journal = {DROPS-IDN/9318},
    author = {Engler, Martin S. and Caron, Bertrand and Veen, Lourens and Geerke, Daan P. and Mark, Alan E. and Klau, Gunnar W.},
    volume = {113},
    publisher = {Schloss Dagstuhl - Leibniz-Zentrum fuer Informatik},
    url = {http://drops.dagstuhl.de/opus/volltexte/2018/9318/},
    isbn = {978-3-95977-082-8},
    doi = {10.4230/LIPICS.WABI.2018.16},
    issn = {1868-8969},
    keywords = {004, Multiple-choice knapsack, integer linear programming, molecular dynamics simulations, partial charge assignment, pseudo-polynomial dynamic programming}
}

@article{Almond2018MultiscaleChallenges,
    title = {{Multiscale modeling of glycosaminoglycan structure and dynamics: current methods and challenges}},
    year = {2018},
    journal = {Current Opinion in Structural Biology},
    author = {Almond, Andrew},
    pages = {58--64},
    volume = {50},
    publisher = {Elsevier Ltd},
    url = {http://dx.doi.org/10.1016/j.sbi.2017.11.008},
    doi = {10.1016/j.sbi.2017.11.008},
    issn = {1879033X}
}

@techreport{Gromiha2004NeuralProteins,
    title = {{Neural Network-Based Prediction of Transmembrane-Strand Segments in Outer Membrane Proteins}},
    year = {2004},
    booktitle = {J Comput Chem},
    author = {Gromiha, M Michael and Ahmad, Shandar and Suwa, Makiko},
    pages = {762--767},
    volume = {25},
    url = {http://psfs.cbrc.jp/tmbeta-net/.},
    keywords = {neural network, outer membrane protein, prediction, transmembrane-strands}
}

@techreport{Mikhailov1997NMRHexasaccharide,
    title = {{NMR solution conformation of heparin-derived hexasaccharide}},
    year = {1997},
    booktitle = {Biochem. J},
    author = {Mikhailov, Dmitri and Linhardt, Robert J and Mayo, Kevin H},
    pages = {51--61},
    volume = {328},
    url = {http://www-heparin.rpi.edu/main/files/papers/181.pdf}
}

@techreport{Mikhailov1997NMRHexasaccharideb,
    title = {{NMR solution conformation of heparin-derived hexasaccharide}},
    year = {1997},
    booktitle = {Biochem. J},
    author = {Mikhailov, Dmitri and Linhardt, Robert J and Mayo, Kevin H},
    pages = {51--61},
    volume = {328},
    url = {http://www-heparin.rpi.edu/main/files/papers/181.pdf}
}

@article{Blundell2006NMRTumbling,
    title = {{NMR spectra of oligosaccharides at ultra-high field (900MHz) have better resolution than expected due to favourable molecular tumbling}},
    year = {2006},
    journal = {Carbohydrate Research},
    author = {Blundell, Charles D. and Reed, Michelle A.C. and Overduin, Michael and Almond, Andrew},
    number = {12},
    month = {9},
    pages = {1985--1991},
    volume = {341},
    url = {http://linkinghub.elsevier.com/retrieve/pii/S000862150600276X},
    doi = {10.1016/j.carres.2006.05.017},
    issn = {00086215}
}

@article{Lever2002NovelHeparin.,
    title = {{Novel drug development opportunities for heparin.}},
    year = {2002},
    journal = {Nature reviews. Drug discovery},
    author = {Lever, Rebecca and Page, Clive P},
    number = {2},
    pages = {140--8},
    volume = {1},
    url = {http://www.ncbi.nlm.nih.gov/pubmed/12120095},
    doi = {10.1038/nrd724},
    issn = {1474-1776},
    pmid = {12120095}
}

@article{Cordula2014Onsup2+/sup,
    title = {{On the catalytic mechanism of polysaccharide lyases: evidence of His and Tyr involvement in heparin lysis by heparinase I and the role of Ca <sup>2+</sup>}},
    year = {2014},
    journal = {Mol. BioSyst.},
    author = {C{\'{o}}rdula, Carolina R. and Lima, Marcelo A. and Shinjo, Samuel K. and Gesteira, Tarsis F. and Pol-Fachin, Laércio and Coulson-Thomas, Vivien J. and Verli, Hugo and Yates, Edwin A. and Rudd, Timothy R. and Pinhal, Maria A. S. and Toma, Leny and Dietrich, Carl P. and Nader, Helena B. and Tersariol, Ivarne L. S.},
    number = {1},
    pages = {54--64},
    volume = {10},
    url = {http://xlink.rsc.org/?DOI=C3MB70370C},
    doi = {10.1039/C3MB70370C},
    issn = {1742-206X}
}

@article{Wolfe1979OnMolecules,
    title = {{On the magnitudes and origins of the “anomeric effects”, “exo-anomeric effects”, “reverse anomeric effects”, and CX and CY bond -lengths in XCH2YH molecules}},
    year = {1979},
    journal = {Carbohydrate Research},
    author = {Wolfe, Saul and Myung-Hwan, Whangbo and Mitchell, David J.},
    number = {1},
    month = {3},
    pages = {1--26},
    volume = {69},
    publisher = {Elsevier},
    url = {https://www-sciencedirect-com.ezproxy.library.uq.edu.au/science/article/pii/S000862150085747X},
    doi = {10.1016/S0008-6215(00)85747-X},
    issn = {0008-6215}
}

@article{Wojcikowski2015OpenField,
    title = {{Open Drug Discovery Toolkit (ODDT): a new open-source player in the drug discovery field}},
    year = {2015},
    journal = {Journal of Cheminformatics},
    author = {W{\'{o}}jcikowski, Maciej and Zielenkiewicz, Piotr and Siedlecki, Pawel},
    number = {1},
    month = {12},
    pages = {26},
    volume = {7},
    publisher = {Nature Publishing Group},
    url = {http://www.jcheminf.com/content/7/1/26},
    doi = {10.1186/s13321-015-0078-2},
    issn = {1758-2946},
    keywords = {Computational Biology/Bioinformatics, Computer Applications in Chemistry, Documentation and Information in Chemistry, Theoretical and Computational Chemistry}
}

@article{Salentin2015PLIP:Profiler.,
    title = {{PLIP: fully automated protein-ligand interaction profiler.}},
    year = {2015},
    journal = {Nucleic acids research},
    author = {Salentin, Sebastian and Schreiber, Sven and Haupt, V Joachim and Adasme, Melissa F and Schroeder, Michael},
    number = {W1},
    month = {7},
    pages = {443--7},
    volume = {43},
    publisher = {Oxford University Press},
    url = {http://www.ncbi.nlm.nih.gov/pubmed/25873628 http://www.pubmedcentral.nih.gov/articlerender.fcgi?artid=PMC4489249},
    doi = {10.1093/nar/gkv315},
    issn = {1362-4962},
    pmid = {25873628}
}

@article{Griffith2017PredictingGrowth,
    title = {{Predicting glycosaminoglycan surface protein interactions and implications for studying axonal growth}},
    year = {2017},
    journal = {Proceedings of the National Academy of Sciences},
    author = {Griffith, Adam R. and Rogers, Claude J. and Miller, Gregory M. and Abrol, Ravinder and Hsieh-Wilson, Linda C. and Goddard, William A.},
    number = {52},
    pages = {13697--13702},
    volume = {114},
    url = {http://www.pnas.org/lookup/doi/10.1073/pnas.1715093115},
    doi = {10.1073/pnas.1715093115},
    issn = {0027-8424},
    pmid = {29229841}
}

@article{Woods2018PredictingComplexes,
    title = {{Predicting the Structures of Glycans, Glycoproteins, and Their Complexes}},
    year = {2018},
    journal = {Chemical Reviews},
    author = {Woods, Robert J.},
    doi = {10.1021/acs.chemrev.8b00032},
    issn = {0009-2665},
    pmid = {30091597}
}

@article{Gandhi2012PredictionBMPs,
    title = {{Prediction of heparin binding sites in bone morphogenetic proteins (BMPs)}},
    year = {2012},
    journal = {Biochimica et Biophysica Acta - Proteins and Proteomics},
    author = {Gandhi, Neha S. and Mancera, Ricardo L.},
    number = {12},
    pages = {1374--1381},
    volume = {1824},
    publisher = {Elsevier B.V.},
    url = {http://dx.doi.org/10.1016/j.bbapap.2012.07.002},
    doi = {10.1016/j.bbapap.2012.07.002},
    issn = {15709639},
    pmid = {22824487},
    keywords = {Bone morphogenetic protein (BMP), Docking, Growth and differentiation factor (GDF), Heparin, Transforming growth factor-{$\beta$} (TGF-{$\beta$})}
}

@article{Olson1991PredominantEffects.,
    title = {{Predominant contribution of surface approximation to the mechanism of heparin acceleration of the antithrombin-thrombin reaction. Elucidation from salt concentration effects.}},
    year = {1991},
    journal = {The Journal of biological chemistry},
    author = {Olson, S T and Bj{\"{o}}rk, I},
    number = {10},
    month = {4},
    pages = {6353--64},
    volume = {266},
    url = {http://www.ncbi.nlm.nih.gov/pubmed/2007588},
    issn = {0021-9258},
    pmid = {2007588}
}

@book{2005Principles2005,
    title = {{Principles and Practice of Constraint Programming - CP 2005}},
    year = {2005},
    editor = {van Beek, Peter},
    series = {Lecture Notes in Computer Science},
    volume = {3709},
    publisher = {Springer Berlin Heidelberg},
    url = {http://link.springer.com/10.1007/11564751},
    address = {Berlin, Heidelberg},
    isbn = {978-3-540-29238-8},
    doi = {10.1007/11564751}
}

@misc{Halperin2002PrinciplesFunctions,
    title = {{Principles of docking: An overview of search algorithms and a guide to scoring functions}},
    year = {2002},
    booktitle = {Proteins: Structure, Function and Genetics},
    author = {Halperin, Inbal and Ma, Buyong and Wolfson, Haim and Nussinov, Ruth},
    isbn = {0887-3585},
    doi = {10.1002/prot.10115},
    issn = {08873585},
    pmid = {12001221},
    keywords = {Docking, Flexible docking, Matching, Proteinligand recognition, Scoring}
}

@article{Quiocho1989Protein-carbohydrateFeatures,
    title = {{Protein-carbohydrate interactions: basic molecular features}},
    year = {1989},
    journal = {Pure and Applied Chemistry},
    author = {Quiocho, F. A.},
    isbn = {0033-4545},
    doi = {10.1351/pac198961071293},
    issn = {1365-3075}
}

@article{Sattelle2015ProteoglycansScale,
    title = {{Proteoglycans and Their Heterogeneous Glycosaminoglycans at the Atomic Scale}},
    year = {2015},
    journal = {Biomacromolecules},
    author = {Sattelle, Benedict M. and Shakeri, Javad and Cliff, Matthew J. and Almond, Andrew},
    number = {3},
    month = {3},
    pages = {951--961},
    volume = {16},
    publisher = {American Chemical Society},
    url = {http://pubs.acs.org/doi/10.1021/bm5018386},
    doi = {10.1021/bm5018386},
    issn = {1525-7797}
}

@article{Jinich2015QuantumReactions,
    title = {{Quantum Chemical Approach to Estimating the Thermodynamics of Metabolic Reactions}},
    year = {2015},
    journal = {Scientific Reports},
    author = {Jinich, Adrian and Rappoport, Dmitrij and Dunn, Ian and Sanchez-Lengeling, Benjamin and Olivares-Amaya, Roberto and Noor, Elad and Even, Arren Bar and Aspuru-Guzik, Alán},
    number = {1},
    month = {5},
    pages = {7022},
    volume = {4},
    publisher = {Nature Publishing Group},
    url = {http://www.nature.com/articles/srep07022},
    doi = {10.1038/srep07022},
    issn = {2045-2322},
    keywords = {Biochemical reaction networks, Computational chemistry}
}

@article{Almbladh1996RationaleApproximations,
    title = {{Rationale for mixing exact exchange with density functional approximations}},
    year = {1996},
    journal = {J. Chem. Phys.},
    author = {Almbladh, Carl-Olof and Pedroza, A. C. and von Barth, Ulf and Arbuznikov, Alexei V. and Bahmann, Hilke and Rodenberg, Alexander and Arbuznikov, Alexei V. and Kaupp, Martin and Bauernschmitt, Rüdiger and Ahlrichs, Reinhart and Becke, Axel D. and Bondybey, V. E. and Burke, Kieron and Ernzerhof, Matthias and Perdew, John P. and Casida, Mark E. and Chong, Delano P. and Jamorski, Christine and Casida, Kim C. and Salahub, Dennis R. and Cohen, Aron J. and Mori-S{\'{a}}nchez, Paula and Yang, Weitao and Della Sala, Fabio and G{\"{o}}rling, Andreas and Engel, Eberhard and Chevary, J. A. and Macdonald, L. D. and Vosko, S. H. and Ernzerhof, Matthias and Perdew, John P. and Burke, Kieron and Ganzenm{\"{u}}ller, Georg and Koslowski, Thorsten and Gori-Giorgi, Paola and Savin, Andreas and Grabo, Tobias and Gross, Eberhard K. U. and Gunnarsson, O. and Lundqvist, Be I. and Handy, Nicholas C. and Cohen, Aron J. and Harris, J. and Sala, Fabio Della and Fabiano, Eduardo and Constantin, Lucian A and Hohenberg, Pierre and Kohn, Walter and Janak, J.F. and Jaramillo, Juanita and Scuseria, Gustavo E. and Ernzerhof, Matthias and Gunnarsson, O. and Lundqvist, Be I. and Klime{\v{s}}, Jiří and Bowler, David R. and Michaelides, Angelos and Kohn, Walter and Sham, Lu Jeu and K{\"{o}}rzd{\"{o}}rfer, Thomas and Koslowski, Thorsten and Wilkening, Anke and Harris, J. and Jones, R. O. and Kreibich, T. and Kurth, Stefan and Grabo, Tobias and Gross, Eberhard K. U. and Perdew, John P. and Blaha, Peter and Langreth, David C. and Perdew, John P. and Levy, Mel and Perdew, John P. and Sahni, Viraht and Lias, Sharon G. and Luo, Yu-Ran and Makmal, Adi and Miller, Thomas M and Molawi, Kian and Cohen, Aron J. and Handy, Nicholas C. and Peach, Michael J. G. and Tozer, David J. and Handy, Nicholas C. and Perdew, John P. and Ernzerhof, Matthias and Burke, Kieron and Levy, Mel and Parr, Robert G. and Levy, Mel and Balduz, Jose L. and Petersilka, M. and Gossmann, U.J. and Gross, Eberhard K. U. and Sagvolden, Espen and Perdew, John P. and Sham, Lu Jeu and Schl{\"{u}}ter, M. and Steinbrecher, Thomas and Koslowski, Thorsten and Case, David A. and Tozer, David J. and Handy, Nicholas C. and {Unknown} and Yang, Weitao and Cohen, Aron J. and Mori-S{\'{a}}nchez, Paula and Zhan, Chang-Guo and Nichols, Jeffrey A. and Dixon, David A. and Burke, Kieron},
    number = {1},
    pages = {9982--9985},
    volume = {109},
    url = {http://www.ncbi.nlm.nih.gov/pubmed/22667544%5Cnhttp://link.aip.org/link/JCPSA6/v109/i23/p10180/s1&Agg=doi%5Cnhttp://www.pubmedcentral.nih.gov/articlerender.fcgi?artid=2629592&tool=pmcentrez&rendertype=abstract%5Cnhttp://link.aps.org/doi/10.1103/PhysRevA.7},
    isbn = {0953-8585},
    doi = {10.1002/qua},
    issn = {00219606},
    pmid = {22667544},
    arxivId = {arXiv:1411.3804v1},
    keywords = {1, AFFINITY, ATOMIZATION, ATOMS, CORRECTIONS, CORRELATION FUNCTIONS, Cations, Chemical, Computer Simulation, DATA BASE MANAGEMENT, DENSITY FUNCTIONAL METHOD, DIATOMIC MOLECULES, DNA, DNA: chemistry, ERRORS, EXCHANGE INTERACTIONS, Electrons, GAUSS FUNCTION, IONIZATION POTENTIAL, MOLECULES, Models, N CODES, NUMERICAL SOLUTION, POLYATOMIC MOLECULES, PROTONS, Quantum Theory, SPIN DENSITY, SURVEYS, Static Electricity, THERMOCHEMICAL PROCESSES, Thermodynamics, anr, atomization energy, chemical screening constant, contract grant sponsor, correlation, correspondence to, density functional, density functional theory, e-mail, electronic correlation, exchange, exchange correlation, exchange-correlation, fr, g tensor, generalized gradient approximation, gori, gori-giorgi, harmonic traps, hybrid functional, introduction and definitions, j, jussieu, lct, local hybrid functional, local spin density approximation, localized local hybrid, molecular dissociation, molecules, national french research, national science foundation, optimized effective potential method, p, perdew, potential, potentials, quantum chemistry, solids, surfaces}
}

@article{DeVivo2017RecentDiscovery,
    title = {{Recent advances in dynamic docking for drug discovery}},
    year = {2017},
    journal = {Wiley Interdisciplinary Reviews: Computational Molecular Science},
    author = {De Vivo, Marco and Cavalli, Andrea},
    doi = {10.1002/wcms.1320},
    issn = {17590884}
}

@misc{Grant2014RecentProteins,
    title = {{Recent advances in employing molecular modelling to determine the specificity of glycan-binding proteins}},
    year = {2014},
    booktitle = {Current Opinion in Structural Biology},
    author = {Grant, Oliver C. and Woods, Robert J.},
    isbn = {1879-033X (Electronic) 0959-440X (Linking)},
    doi = {10.1016/j.sbi.2014.07.001},
    issn = {1879033X},
    pmid = {25108191},
    arxivId = {NIHMS150003}
}

@article{Hricovini2007RelationshipGlycosaminoglycans,
    title = {{Relationship between structure and three-bond proton-proton coupling constants in glycosaminoglycans}},
    year = {2007},
    journal = {Carbohydrate Research},
    author = {Hricov{\'{i}}ni, M. and B{\'{i}}zik, F.},
    number = {6},
    pages = {779--783},
    volume = {342},
    isbn = {0008-6215},
    doi = {10.1016/j.carres.2007.01.003},
    issn = {00086215},
    pmid = {17270159},
    keywords = {Conformation, DFT calculations, Glycosaminoglycans, Three-bond coupling constants}
}

@techreport{Bostrom2001ReproducingTools,
    title = {{Reproducing the conformations of protein-bound ligands: A critical evaluation of several popular conformational searching tools}},
    year = {2001},
    booktitle = {Journal of Computer-Aided Molecular Design},
    author = {Bostr{\"{o}}m, Jonas},
    pages = {1137--1152},
    volume = {15},
    url = {https://link.springer.com/content/pdf/10.1023%2FA%3A1015930826903.pdf},
    keywords = {Catalyst, Confort, Flo99, MacroModel, Omega, bioactive conformation, comparison, conformational analysis, high-resolution X-ray crystallography}
}

@article{Raman2005ReviewBlocks,
    title = {{Review Structural Insights into Biological Roles of Protein-Glycosaminoglycan Interactions trasted with that of DNA (4 building blocks) and pro-teins (20 building blocks)}},
    year = {2005},
    journal = {Chemistry {\&} Biology},
    author = {Raman, Rahul and Sasisekharan, V and Sasisekharan, Ram},
    pages = {267--277},
    volume = {12},
    url = {https://www.cell.com/action/showPdf?pii=S1074-5521%2805%2900042-6},
    doi = {10.1016/j.chembiol.2004.11.020}
}

@article{Barnett2010RingSimulations,
    title = {{Ring Puckering: A Metric for Evaluating the Accuracy of AM1, PM3, PM3CARB-1, and SCC-DFTB Carbohydrate QM/MM Simulations}},
    year = {2010},
    journal = {The Journal of Physical Chemistry B},
    author = {Barnett, Christopher B. and Naidoo, Kevin J.},
    number = {51},
    month = {12},
    pages = {17142--17154},
    volume = {114},
    url = {http://pubs.acs.org/doi/abs/10.1021/jp107620h},
    doi = {10.1021/jp107620h},
    issn = {1520-6106}
}

@article{Sasisekharan2002RolesCancer,
    title = {{Roles of heparan-sulphate glycosaminoglycans in cancer}},
    year = {2002},
    journal = {Nature Reviews Cancer},
    author = {Sasisekharan, Ram and Shriver, Zachary and Venkataraman, Ganesh and Narayanasami, Uma},
    number = {7},
    month = {7},
    pages = {521--528},
    volume = {2},
    publisher = {Nature Publishing Group},
    url = {http://www.nature.com/articles/nrc842},
    doi = {10.1038/nrc842},
    issn = {1474-175X}
}

@techreport{SunSCAN:Materials,
    title = {{SCAN: An Efficient Density Functional Yielding Accurate Structures and Energies of Diversely-Bonded Materials}},
    author = {Sun, Jianwei and Remsing, Richard C and Zhang, Yubo and Sun, Zhaoru and Ruzsinszky, Adrienn and Peng, Haowei and Yang, Zenghui and Paul, Arpita and Waghmare, Umesh and Wu, Xifan and Klein, Michael L and Perdew, John P},
    url = {https://arxiv.org/pdf/1511.01089.pdf}
}

@article{Hu2017ScienceDirectGlycosaminoglycans,
    title = {{ScienceDirect Bioinformatics of glycosaminoglycans}},
    year = {2017},
    journal = {Perspectives in Science},
    author = {Hu, Han and Mao, Yang and Huang, Yu and Lin, Cheng and Zaia, Joseph},
    doi = {10.1016/j.pisc.2016.01.014},
    issn = {2213-0209},
    keywords = {Divide-and-conquer, Electron transfer dissociation, Glycosaminoglycan, Heparan sulfate, Tandem mass spectrometry}
}

@misc{Schulz-Gasch2004ScoringPerspective,
    title = {{Scoring functions for protein-ligand interactions: A critical perspective}},
    year = {2004},
    booktitle = {Drug Discovery Today: Technologies},
    author = {Schulz-Gasch, Tanja and Stahl, Martin},
    doi = {10.1016/j.ddtec.2004.08.004},
    issn = {17406749},
    pmid = {24981490}
}

@article{Hendriksen2002SecretasesDisease.,
    title = {{Secretases as targets for drug design in Alzheimer's disease.}},
    year = {2002},
    journal = {European journal of clinical investigation},
    author = {Hendriksen, J V R B and Nottet, H S L M and Smits, H A},
    number = {1},
    month = {1},
    pages = {60--8},
    volume = {32},
    url = {http://www.ncbi.nlm.nih.gov/pubmed/11851728},
    doi = {10.1046/j.1365-2362.2002.00937.x},
    issn = {0014-2972},
    pmid = {11851728}
}

@article{Malik2007SequenceNetwork,
    title = {{Sequence and structural features of carbohydrate binding in proteins and assessment of predictability using a neural network}},
    year = {2007},
    journal = {BMC Structural Biology 2007 7:1},
    author = {Malik, Adeel and Ahmad, Shandar},
    number = {1},
    month = {1},
    pages = {1},
    volume = {7},
    publisher = {BioMed Central},
    url = {https://bmcstructbiol.biomedcentral.com/articles/10.1186/1472-6807-7-1},
    doi = {10.1186/1472-6807-7-1},
    issn = {1472-6807},
    keywords = {Biochemistry, Crystallography, Mass Spectrometry, Protein Science, Spectroscopy/Spectrometry, general}
}

@article{AndreasKerzmann2006SLICKInteractions,
    title = {{SLICK − Scoring and Energy Functions for Protein−Carbohydrate Interactions}},
    year = {2006},
    author = {Andreas Kerzmann, *,† and Dirk Neumann, ‡ and and Kohlbacher†, Oliver},
    publisher = { American Chemical Society },
    url = {https://pubs-acs-org.ezproxy.library.uq.edu.au/doi/abs/10.1021/ci050422y},
    doi = {10.1021/CI050422Y}
}

@article{Sankaranarayanan2018SoAgain,
    title = {{So you think computational approaches to understanding glycosaminoglycan–protein interactions are too dry and too rigid? Think again!}},
    year = {2018},
    journal = {Current Opinion in Structural Biology},
    author = {Sankaranarayanan, Nehru Viji and Nagarajan, Balaji and Desai, Umesh R.},
    pages = {91--100},
    volume = {50},
    publisher = {Elsevier Ltd},
    url = {http://dx.doi.org/10.1016/j.sbi.2017.12.004},
    doi = {10.1016/j.sbi.2017.12.004},
    issn = {1879033X}
}

@article{Anderson1978Sodium-23Interactions.,
    title = {{Sodium-23 NMR studies of cation-DNA interactions.}},
    year = {1978},
    journal = {Biophysical chemistry},
    author = {Anderson, C F and Record, M T and Hart, P A},
    number = {4},
    month = {1},
    pages = {301--16},
    volume = {7},
    url = {http://www.ncbi.nlm.nih.gov/pubmed/623871},
    issn = {0301-4622},
    pmid = {623871}
}

@misc{Pagadala2017SoftwareReview,
    title = {{Software for molecular docking: a review}},
    year = {2017},
    booktitle = {Biophysical Reviews},
    author = {Pagadala, Nataraj S. and Syed, Khajamohiddin and Tuszynski, Jack},
    number = {2},
    volume = {9},
    doi = {10.1007/s12551-016-0247-1},
    issn = {18672469},
    pmid = {28510083}
}

@article{Trott2010SoftwareMultithreading,
    title = {{Software news and update AutoDock Vina: Improving the speed and accuracy of docking with a new scoring function, efficient optimization, and multithreading}},
    year = {2010},
    journal = {Journal of Computational Chemistry},
    author = {Trott, Oleg and Olson, Arthur J.},
    isbn = {1096-987X},
    doi = {10.1002/jcc.21334},
    issn = {01928651},
    pmid = {19499576},
    arxivId = {NIHMS150003},
    keywords = {AutoDock, Computer-aided drug design, Molecular docking, Multithreading, Scoring function, Virtual screening}
}

@article{Hricovini2015SolutionAnalysis.,
    title = {{Solution Structure of Heparin Pentasaccharide: NMR and DFT Analysis.}},
    year = {2015},
    journal = {The journal of physical chemistry. B},
    author = {Hricov{\'{i}}ni, Miloš},
    number = {38},
    month = {9},
    pages = {12397--409},
    volume = {119},
    url = {http://pubs.acs.org/doi/10.1021/acs.jpcb.5b07046 http://www.ncbi.nlm.nih.gov/pubmed/26340667},
    doi = {10.1021/acs.jpcb.5b07046},
    issn = {1520-5207},
    pmid = {26340667}
}

@article{Kirschner2001SolventConformation,
    title = {{Solvent interactions determine carbohydrate conformation}},
    year = {2001},
    journal = {Proceedings of the National Academy of Sciences},
    author = {Kirschner, K. N. and Woods, R. J.},
    isbn = {0027-8424},
    doi = {10.1073/pnas.191362798},
    issn = {0027-8424},
    pmid = {11526221}
}

@article{Laederach2003SpecificProteins,
    title = {{Specific Empirical Free Energy Function for Automated Docking of Carbohydrates to Proteins}},
    year = {2003},
    journal = {Journal of Computational Chemistry},
    author = {Laederach, Alain and Reilly, Peter J.},
    isbn = {0192-8651},
    doi = {10.1002/jcc.10288},
    issn = {01928651},
    pmid = {12964193},
    keywords = {AutoDock, Automated docking, Empirical free energy function, Linear response method, Protein-carbohydrate complex}
}

@article{Haselhorst2007STDCore,
    title = {{STD NMR spectroscopy and molecular modeling investigation of the binding of N-acetylneuraminic acid derivatives to rhesus rotavirus VP8* core}},
    year = {2007},
    journal = {Glycobiology},
    author = {Haselhorst, Thomas and Blanchard, Helen and Frank, Martin and Kraschnefski, Mark J. and Kiefel, Milton J. and Szyczew, Alex J. and Dyason, Jeffery C. and Fleming, Fiona and Holloway, Gavan and Coulson, Barbara S. and von Itzstein, Mark},
    number = {1},
    month = {1},
    pages = {68--81},
    volume = {17},
    publisher = {Oxford University Press},
    url = {http://academic.oup.com/glycob/article/17/1/68/715714/STD-NMR-spectroscopy-and-molecular-modeling},
    doi = {10.1093/glycob/cwl051},
    issn = {1460-2423}
}

@article{2004StructuralProteins,
    title = {{Structural analysis of cation–{$\pi$} interactions in DNA binding proteins}},
    year = {2004},
    journal = {International Journal of Biological Macromolecules},
    number = {3},
    month = {6},
    pages = {203--211},
    volume = {34},
    publisher = {Elsevier},
    url = {https://www.sciencedirect.com/science/article/pii/S0141813004000212},
    doi = {10.1016/J.IJBIOMAC.2004.04.003},
    issn = {0141-8130}
}

@article{Hofmann2015StructuralSpectrometry,
    title = {{Structural analysis of the interleukin-8/glycosaminoglycan interactions by amide hydrogen/deuterium exchange mass spectrometry}},
    year = {2015},
    journal = {Methods},
    author = {Hofmann, Tommy and Samsonov, Sergey A. and Pichert, Annelie and Lemmnitzer, Katharina and Schiller, Jürgen and Huster, Daniel and Pisabarro, M. Teresa and von Bergen, Martin and Kalkhof, Stefan},
    month = {11},
    pages = {45--53},
    volume = {89},
    publisher = {Academic Press},
    url = {https://www.sciencedirect.com/science/article/pii/S1046202315000547?via%3Dihub},
    doi = {10.1016/J.YMETH.2015.02.011},
    issn = {1046-2023}
}

@article{Murphy2007StructuralHeparin,
    title = {{Structural and functional basis of CXCL12 (stromal cell-derived factor-1{$\alpha$}) binding to heparin}},
    year = {2007},
    journal = {Journal of Biological Chemistry},
    author = {Murphy, James W. and Cho, Yoonsang and Sachpatzidis, Aristidis and Fan, Chengpeng and Hodsdon, Michael E. and Lolis, Elias},
    number = {13},
    pages = {10018--10027},
    volume = {282},
    isbn = {2037372027},
    doi = {10.1074/jbc.M608796200},
    issn = {00219258},
    pmid = {17264079}
}

@article{MaveyraudStructuralNigra,
    title = {{Structural basis for sugar recognition, including the Tn carcinoma antigen, by the lectin SNA-II from Sambucus nigra Plant Lectins: From Model Species to Crop Plants View project Structure and Activity of Ricin-like Lectins View project Structural basis for sugar recognition, including the Tn carcinoma antigen, by the lectin SNA-II from Sambucus nigra}},
    author = {Maveyraud, Laurent and Palmer, Rex A and Niwa, Hideaki and Guillet, Valérie and Svergun, Dmitri I and Konarev, Peter V and Peumans, Willy J and Roug{\'{e}}, Pierre and Van Damme, Els J M and Reynolds, Colin D and Mourey, Lionel},
    url = {www.interscience.wiley.},
    doi = {10.1002/prot.22222}
}

@article{Sharma2012StructuralProtein-S,
    title = {{Structural basis of heparin binding to camel peptidoglycan recognition protein-S}},
    year = {2012},
    journal = {International Journal of Biochemistry and Molecular Biology},
    author = {Sharma, Pradeep and Dube, Divya and Sinha, Mau and Dey, Sharmistha and Kaur, Punit and Sharma, Sujata and Singh, Tej P.},
    number = {1},
    pages = {86--94},
    volume = {3},
    issn = {21524114},
    pmid = {22509483},
    keywords = {Crystal structure, Heparin, LPS, LTA, PGN, Pamps, Pgrp-S}
}

@article{Dasgupta2011StructuralPapillomavirus,
    title = {{Structural basis of oligosaccharide receptor recognition by human papillomavirus}},
    year = {2011},
    journal = {Journal of Biological Chemistry},
    author = {Dasgupta, Jhimli and Bienkowska-Haba, Malgorzata and Ortega, Marcos E. and Patel, Hetalkumar D. and Bodevin, Sabrina and Spillmann, Dorothe and Bishop, Brooke and Sapp, Martin and Chen, Xiaojiang S.},
    number = {4},
    pages = {2617--2624},
    volume = {286},
    doi = {10.1074/jbc.M110.160184},
    issn = {00219258},
    pmid = {21115492}
}

@article{Raman2005StructuralInteractions,
    title = {{Structural Insights into Biological Roles of Protein-Glycosaminoglycan Interactions}},
    year = {2005},
    journal = {Chemistry {\&} Biology},
    author = {Raman, Rahul and Sasisekharan, V. and Sasisekharan, Ram},
    number = {3},
    month = {3},
    pages = {267--277},
    volume = {12},
    url = {http://www.ncbi.nlm.nih.gov/pubmed/15797210 http://linkinghub.elsevier.com/retrieve/pii/S1074552105000426},
    doi = {10.1016/j.chembiol.2004.11.020},
    issn = {10745521},
    pmid = {15797210}
}

@article{Da2014StructuralStudy,
    title = {{Structural Protein–Ligand Interaction Fingerprints (SPLIF) for Structure-Based Virtual Screening: Method and Benchmark Study}},
    year = {2014},
    journal = {Journal of Chemical Information and Modeling},
    author = {Da, C. and Kireev, D.},
    number = {9},
    month = {9},
    pages = {2555--2561},
    volume = {54},
    publisher = {American Chemical Society},
    url = {http://pubs.acs.org/doi/10.1021/ci500319f},
    doi = {10.1021/ci500319f},
    issn = {1549-9596}
}

@article{Han2009StructuralI,
    title = {{Structural snapshots of heparin depolymerization by heparin lyase I}},
    year = {2009},
    journal = {Journal of Biological Chemistry},
    author = {Han, Young Hyun and Garron, Marie Line and Kim, Hye Yeon and Kim, Wan Seok and Zhang, Zhenqing and Ryu, Kyeong Seok and Shaya, David and Xiao, Zhongping and Cheong, Chaejoon and Kim, Yeong Shik and Linhardt, R. J. and Jeon, Young Ho and Cygler, Miroslaw},
    number = {49},
    pages = {34019--34027},
    volume = {284},
    doi = {10.1074/jbc.M109.025338},
    issn = {00219258},
    pmid = {19801541}
}

@techreport{Raman2002StructuralBIOPHYSICS,
    title = {{Structural specificity of heparin binding in the fibroblast growth factor family of proteins BIOPHYSICS}},
    year = {2002},
    author = {Raman, Rahul and Venkataraman, Ganesh and Ernst, Steffen and Sasisekharan, V and Sasisekharan, Ram},
    number = {5},
    pages = {2357--2362},
    volume = {100},
    url = {www.pnas.orgcgidoi10.1073pnas.0437842100}
}

@misc{Imberty2007StructuralInteractions,
    title = {{Structural view of glycosaminoglycan-protein interactions}},
    year = {2007},
    booktitle = {Carbohydrate Research},
    author = {Imberty, Anne and Lortat-Jacob, Hugues and P{\'{e}}rez, Serge},
    isbn = {10.1371/journal.pone.0044348},
    doi = {10.1016/j.carres.2006.12.019},
    issn = {00086215},
    pmid = {22952961},
    keywords = {Crystallography, Glycosaminoglycans, Interactions, Molecular modeling}
}

@incollection{Casu2005StructureHeparin,
    title = {{Structure and Active Domains of Heparin}},
    year = {2005},
    booktitle = {Chemistry and Biology of Heparin and Heparan Sulfate},
    author = {Casu, Benito},
    pages = {1--28},
    publisher = {Elsevier},
    url = {http://linkinghub.elsevier.com/retrieve/pii/B9780080448596500022},
    doi = {10.1016/B978-008044859-6/50002-2}
}

@incollection{Grindley2008StructureCarbohydrates,
    title = {{Structure and Conformation of Carbohydrates}},
    year = {2008},
    booktitle = {Glycoscience},
    author = {Grindley, T. Bruce},
    pages = {3--55},
    publisher = {Springer Berlin Heidelberg},
    url = {http://link.springer.com/10.1007/978-3-540-30429-6_1},
    address = {Berlin, Heidelberg},
    doi = {10.1007/978-3-540-30429-6{\_}1}
}

@article{1994StructureComplexes,
    title = {{Structure and energetics of protein-carbohydrate complexes}},
    year = {1994},
    journal = {Current Opinion in Structural Biology},
    number = {5},
    month = {10},
    pages = {719--728},
    volume = {4},
    publisher = {Elsevier Current Trends},
    url = {https://www.sciencedirect.com/science/article/pii/S0959440X94901708?via%3Dihub},
    doi = {10.1016/S0959-440X(94)90170-8},
    issn = {0959-440X}
}

@article{Digabriele1998StructureFactor,
    title = {{Structure of a heparin-linked biologically active dimer of fibroblast growth factor}},
    year = {1998},
    journal = {Nature},
    author = {Digabriele, A. D. and Lax, I. and Chen, D. I. and Svahn, C. M. and Jaye, M. and Schlessinger, J. and Hendrickson, W. A.},
    isbn = {0028-0836},
    doi = {10.1038/31741},
    issn = {00280836},
    pmid = {9655399}
}

@article{Li2004StructureHeparin,
    title = {{Structure of the antithrombin–thrombin–heparin ternary complex reveals the antithrombotic mechanism of heparin}},
    year = {2004},
    journal = {Nature Structural {\&} Molecular Biology},
    author = {Li, Wei and Johnson, Daniel J D and Esmon, Charles T and Huntington, James A},
    number = {9},
    month = {9},
    pages = {857--862},
    volume = {11},
    url = {http://www.ncbi.nlm.nih.gov/pubmed/15311269 http://www.nature.com/articles/nsmb811},
    doi = {10.1038/nsmb811},
    issn = {1545-9993},
    pmid = {15311269}
}

@article{Rigden2003StructuresAction,
    title = {{Structures of streptococcus pneumoniae hyaluronate lyase in complex with chondroitin and chondroitin sulfate disaccharides: Insights into specificity and mechanism of action}},
    year = {2003},
    journal = {Journal of Biological Chemistry},
    author = {Rigden, Daniel J. and Jedrzejas, Mark J.},
    isbn = {0021-9258},
    doi = {10.1074/jbc.M307596200},
    issn = {00219258},
    pmid = {14523022}
}

@article{Swarup2013SugarNeurons,
    title = {{Sugar glues for broken neurons}},
    year = {2013},
    journal = {BioMolecular Concepts},
    author = {Swarup, Vimal P. and Mencio, Caitlin P. and Hlady, Vladimir and Kuberan, Balagurunathan},
    number = {3},
    month = {1},
    pages = {233--257},
    volume = {4},
    publisher = {De Gruyter},
    url = {https://www.degruyter.com/view/j/bmc.2013.4.issue-3/bmc-2012-0042/bmc-2012-0042.xml},
    doi = {10.1515/bmc-2012-0042},
    issn = {1868-503X},
    keywords = {chondroitin sulfate, glycosaminoglycans, heparan sulfate, nervous system disorders, proteoglycans, spinal cord injury, sulfotransferases}
}

@article{SoaresdaCosta2017SulfationDisorders,
    title = {{Sulfation of Glycosaminoglycans and Its Implications in Human Health and Disorders}},
    year = {2017},
    journal = {Annual Review of Biomedical Engineering},
    author = {Soares da Costa, Diana and Reis, Rui L. and Pashkuleva, Iva},
    number = {1},
    pages = {1--26},
    volume = {19},
    url = {http://www.annualreviews.org/doi/10.1146/annurev-bioeng-071516-044610},
    doi = {10.1146/annurev-bioeng-071516-044610},
    issn = {1523-9829},
    pmid = {28226217},
    keywords = {biomaterials, chondroitin sulfate, heparan sulfate, heparin, keratan sulfate}
}

@article{Habuchi2004SulfationCode,
    title = {{Sulfation pattern in glycosaminoglycan: Does it have a code?}},
    year = {2004},
    journal = {Glycoconjugate Journal},
    author = {Habuchi, Hiroko and Habuchi, Osami and Kimata, Koji},
    number = {1-2},
    pages = {47--52},
    volume = {21},
    isbn = {0282-0080 (Print)},
    doi = {10.1023/B:GLYC.0000043747.87325.5e},
    issn = {02820080},
    pmid = {15467398},
    keywords = {glycosaminoglycan, growth factors, heparan sulfate, morphogen, sulfotransferases}
}

@article{Gama2006SulfationActivity,
    title = {{Sulfation patterns of glycosaminoglycans encode molecular recognition and activity}},
    year = {2006},
    journal = {Nature Chemical Biology},
    author = {Gama, Cristal I. and Tully, Sarah E. and Sotogaku, Naoki and Clark, Peter M. and Rawat, Manish and Vaidehi, Nagarajan and Goddard, William A. and Nishi, Akinori and Hsieh-Wilson, Linda C.},
    number = {9},
    pages = {467--473},
    volume = {2},
    isbn = {1552-4450 (Print){\textbackslash}n1552-4450 (Linking)},
    doi = {10.1038/nchembio810},
    issn = {15524469},
    pmid = {16878128}
}

@article{GriffithSupportingGrowth,
    title = {{Supporting Information ( SI Appendix ) Predicting glycosaminoglycan-surface protein interactions : Implications for studying axonal growth}},
    author = {Griffith, Adam R and Rogers, Claude J and Miller, Gregory M and Abrol, Ravinder and Linda, C and Goddard, William A},
    number = {Md}
}

@article{Hendrix1998SurfaceDocking.,
    title = {{Surface solid angle-based site points for molecular docking.}},
    year = {1998},
    journal = {Pacific Symposium on Biocomputing. Pacific Symposium on Biocomputing},
    author = {Hendrix, D K and Kuntz, I D},
    issn = {2335-6936},
    pmid = {9697192}
}

@article{Laskowski1995SURFNET:Interactions,
    title = {{SURFNET: A program for visualizing molecular surfaces, cavities, and intermolecular interactions}},
    year = {1995},
    journal = {Journal of Molecular Graphics},
    author = {Laskowski, Roman A.},
    number = {5},
    month = {10},
    pages = {323--330},
    volume = {13},
    publisher = {Elsevier},
    url = {https://www.sciencedirect.com/science/article/pii/0263785595000739},
    doi = {10.1016/0263-7855(95)00073-9},
    issn = {0263-7855}
}

@misc{Varki2009SymbolRepresentation,
    title = {{Symbol nomenclature for glycan representation}},
    year = {2009},
    booktitle = {Proteomics},
    author = {Varki, Ajit and Cummings, Richard D. and Esko, Jeffrey D. and Freeze, Hudson H. and Stanley, Pamela and Marth, Jamey D. and Bertozzi, Carolyn R. and Hart, Gerald W. and Etzler, Marilynn E.},
    isbn = {1185853456},
    doi = {10.1002/pmic.200900708},
    issn = {16159853},
    pmid = {19902428},
    keywords = {Glycans, Glycomics, Glycoproteomics, Monosaccharides, Nomenclature, Symbols}
}

@article{Das2001SynthesisHeparin,
    title = {{Synthesis of Conformationally Lockedl-Iduronic Acid Derivatives: Direct Evidence for a Critical Role of the Skew-Boat2S0 Conformer in the Activation of Antithrombin by Heparin}},
    year = {2001},
    journal = {Chemistry - A European Journal},
    author = {Das, Sanjoy K. and Mallet, Jean-Maurice and Esnault, Jacques and Driguez, Pierre-Alexandre and Duchaussoy, Philippe and Sizun, Philippe and Herault, Jean-Pascal and Herbert, Jean-Marc and Petitou, Maurice and Sina{\"{y}}, Pierre},
    number = {22},
    month = {11},
    pages = {4821--4834},
    volume = {7},
    publisher = {Wiley-Blackwell},
    url = {http://doi.wiley.com/10.1002/1521-3765%2820011119%297%3A22%3C4821%3A%3AAID-CHEM4821%3E3.0.CO%3B2-N},
    doi = {10.1002/1521-3765(20011119)7:22<4821::AID-CHEM4821>3.0.CO;2-N},
    issn = {0947-6539},
    keywords = {antithrombin, carbohydrates, glycosylation, heparin, iduronic acid}
}

@article{vanAmsterdam1995SyntheticHeparin,
    title = {{Synthetic Analogues of the Antithrombin III– Binding Pentasaccharide Sequence of Heparin}},
    year = {1995},
    journal = {Arteriosclerosis, Thrombosis, and Vascular Biology},
    author = {van Amsterdam, Ronald G.M. and Vogel, Gerard M.T. and Visser, Arie and Kop, Wim J. and Buiting, Marc T. and Meuleman, Dirk G.},
    number = {4},
    month = {4},
    pages = {495--503},
    volume = {15},
    url = {https://www.ahajournals.org/doi/10.1161/01.ATV.15.4.495},
    doi = {10.1161/01.ATV.15.4.495},
    issn = {1079-5642}
}

@article{Avci2003SyntheticProperties,
    title = {{Synthetic Oligosaccharides as Heparin-Mimetics Displaying Anticoagulant Properties}},
    year = {2003},
    journal = {Current Pharmaceutical Design},
    author = {Avci, Fikri and Karst, Nathalie and Linhardt, Robert},
    number = {28},
    month = {11},
    pages = {2323--2335},
    volume = {9},
    url = {http://www.eurekaselect.com/openurl/content.php?genre=article&issn=1381-6128&volume=9&issue=28&spage=2323},
    doi = {10.2174/1381612033453929},
    issn = {13816128}
}

@article{dePaz2001TheOligosaccharides,
    title = {{The Activation of Fibroblast Growth Factors by Heparin: Synthesis, Structure, and Biological Activity of Heparin-Like Oligosaccharides}},
    year = {2001},
    journal = {ChemBioChem},
    author = {de Paz, José-Luis and Angulo, Jesús and Lassaletta, José-María and Nieto, Pedro M. and Redondo-Horcajo, Mariano and Lozano, Rosa M. and Gim{\'{e}}nez-Gallego, Guillermo and Mart{\'{i}}n-Lomas, Manuel},
    number = {9},
    month = {9},
    pages = {673--685},
    volume = {2},
    publisher = {Wiley-Blackwell},
    url = {http://doi.wiley.com/10.1002/1439-7633%2820010903%292%3A9%3C673%3A%3AAID-CBIC673%3E3.0.CO%3B2-7},
    doi = {10.1002/1439-7633(20010903)2:9<673::AID-CBIC673>3.0.CO;2-7},
    issn = {14394227},
    keywords = {conformation analysis, growth factor activation, heparin, oligosaccharides, synthesis design}
}

@article{Peters1996TheCriteria,
    title = {{The Automatic Search for Ligand Binding Sites in Proteins of Known Three-dimensional Structure Using only Geometric Criteria}},
    year = {1996},
    journal = {Journal of Molecular Biology},
    author = {Peters, Klaus P. and Fauck, Jana and Fr{\"{o}}mmel, Cornelius},
    number = {1},
    month = {2},
    pages = {201--213},
    volume = {256},
    url = {http://www.ncbi.nlm.nih.gov/pubmed/8609611 http://linkinghub.elsevier.com/retrieve/pii/S0022283696900777},
    doi = {10.1006/jmbi.1996.0077},
    issn = {00222836},
    pmid = {8609611}
}

@article{Kozakov2017TheDocking.,
    title = {{The ClusPro web server for protein-protein docking.}},
    year = {2017},
    journal = {Nature protocols},
    author = {Kozakov, Dima and Hall, David R and Xia, Bing and Porter, Kathryn A and Padhorny, Dzmitry and Yueh, Christine and Beglov, Dmitri and Vajda, Sandor},
    number = {2},
    month = {2},
    pages = {255--278},
    volume = {12},
    publisher = {NIH Public Access},
    url = {http://www.ncbi.nlm.nih.gov/pubmed/28079879 http://www.pubmedcentral.nih.gov/articlerender.fcgi?artid=PMC5540229},
    doi = {10.1038/nprot.2016.169},
    issn = {1750-2799},
    pmid = {28079879}
}

@techreport{Trobec1997TheAlgorithms,
    title = {{The Complexity of Parallel Symplectic Molecular Dynamics Algorithms}},
    year = {1997},
    author = {Trobec, Roman and Merzel, Franci and Jane{\v{z}}i{\v{c}}, Dušanka},
    url = {https://pubs.acs.org/sharingguidelines}
}

@techreport{Whitfield2013TheTheory,
    title = {{The computational complexity of density functional theory}},
    year = {2013},
    author = {Whitfield, James Daniel and Schuch, Norbert and Verstraete, Frank and Daniel, James and Vcq, Whitfield},
    arxivId = {1306.1259v1},
    keywords = {()}
}

@article{Johnson1966The-glycosamine,
    title = {{The crystal structure of <i>N</i> -acetyl-{$\alpha$}- D -glycosamine}},
    year = {1966},
    journal = {Acta Crystallographica},
    author = {Johnson, L. N.},
    number = {6},
    month = {12},
    pages = {885--891},
    volume = {21},
    url = {http://scripts.iucr.org/cgi-bin/paper?S0365110X66004146},
    doi = {10.1107/S0365110X66004146},
    issn = {0365-110X}
}

@techreport{Woods1998TheMolecule,
    title = {{The high degree of internal flexibility observed for an oligomannose oligosaccharide does not alter the overall topology of the molecule}},
    year = {1998},
    booktitle = {Eur. J. Biochem},
    author = {Woods, Robert J and Pathiaseril, Ahammadunny and Wormald, Mark R and Edge, Christopher J and Dwek, Raymond A},
    pages = {372386},
    volume = {258},
    url = {https://febs.onlinelibrary.wiley.com/doi/pdf/10.1046/j.1432-1327.1998.2580372.x},
    keywords = {AMBER, GLYCAM, GLYCAM, glycoproteins and carbohydrates with AMBER, GlcNAc, N-acetylglucosamine or N-acetylglucosaminyl, ISPA, isolated spin-pair approximation, MBP, man-nose-binding protein, MD, molecular dynamics, MORASS, multispin Overhauser relaxation analysis and simulations, NMR, NOE, gg, gauche-gauche, gt, gauche-trans, molecular dynamics, oligosaccharide Abbreviations AMBER, assisted model building and energy refine-ment, simulations, tg, trans-gauche}
}

@techreport{Berman2000TheBank,
    title = {{The Protein Data Bank}},
    year = {2000},
    booktitle = {Nucleic Acids Research},
    author = {Berman, Helen M and Westbrook, John and Feng, Zukang and Gilliland, Gary and Bhat, T N and Weissig, Helge and Shindyalov, Ilya N and Bourne, Philip E},
    number = {1},
    volume = {28},
    url = {http://www.rcsb.org/pdb/status.html}
}

@article{Mulloy2005ThePolysaccharides,
    title = {{The specificity of interactions between proteins and sulfated polysaccharides}},
    year = {2005},
    journal = {Anais da Academia Brasileira de Ci{\^{e}}ncias},
    author = {Mulloy, Barbara},
    number = {4},
    month = {12},
    pages = {651--664},
    volume = {77},
    publisher = {Academia Brasileira de Ci{\^{e}}ncias},
    url = {http://www.scielo.br/scielo.php?script=sci_arttext&pid=S0001-37652005000400007&lng=en&tlng=en},
    doi = {10.1590/S0001-37652005000400007},
    issn = {0001-3765}
}

@article{Mohamed2016TheCalculations,
    title = {{The stereoselectivities of tributyltin hydride-mediated reductions of 5-bromo-d-glucuronides to l-iduronides are dependent on the anomeric substituent: Syntheses and DFT calculations}},
    year = {2016},
    journal = {Organic and Biomolecular Chemistry},
    author = {Mohamed, Shifaza and Krenske, Elizabeth H. and Ferro, Vito},
    number = {10},
    pages = {2950--2960},
    volume = {14},
    doi = {10.1039/c6ob00283h},
    issn = {14770520}
}

@article{Gandhi2008TheProteins,
    title = {{The Structure of Glycosaminoglycans and their Interactions with Proteins}},
    year = {2008},
    journal = {Chemical Biology {\&} Drug Design},
    author = {Gandhi, Neha S. and Mancera, Ricardo L.},
    number = {6},
    month = {12},
    pages = {455--482},
    volume = {72},
    publisher = {Wiley/Blackwell (10.1111)},
    url = {http://doi.wiley.com/10.1111/j.1747-0285.2008.00741.x},
    doi = {10.1111/j.1747-0285.2008.00741.x},
    issn = {17470277},
    keywords = {carbohydrates, chondroitin sulphate, dermatan sulphate, glycosaminoglycans, heparan sulphate, heparin, hyaluronic acid, keratan sulphate, proteoglycans}
}

@article{Dementiev2004TheSpecificity,
    title = {{The ternary complex of antithrombin–anhydrothrombin–heparin reveals the basis of inhibitor specificity}},
    year = {2004},
    journal = {Nature Structural {\&} Molecular Biology},
    author = {Dementiev, Alexey and Petitou, Maurice and Herbert, Jean-Marc and Gettins, Peter G W},
    number = {9},
    month = {9},
    pages = {863--867},
    volume = {11},
    publisher = {Nature Publishing Group},
    url = {http://www.nature.com/articles/nsmb810},
    doi = {10.1038/nsmb810},
    issn = {1545-9993}
}

@article{Shaw2004TheInhibitors,
    title = {{The X-ray structure of RANTES: Heparin-derived disaccharides allows the rational design of chemokine inhibitors}},
    year = {2004},
    journal = {Structure},
    author = {Shaw, Jeffrey P. and Johnson, Zoë and Borlat, Frédéric and Zwahlen, Catherine and Kungl, Andreas and Roulin, Karen and Harrenga, Axel and Wells, Timothy N C and Proudfoot, Amanda E I},
    number = {11},
    pages = {2081--2093},
    volume = {12},
    isbn = {0969-2126 (Print){\textbackslash}r0969-2126 (Linking)},
    doi = {10.1016/j.str.2004.08.014},
    issn = {09692126},
    pmid = {15530372}
}

@incollection{Curtiss2007TheoreticalCompounds,
    title = {{Theoretical Methods for Computing Enthalpies of Formation of Gaseous Compounds}},
    year = {2007},
    author = {Curtiss, Larry A. and Redfern, Paul C. and Frurip, David J.},
    month = {1},
    pages = {147--211},
    publisher = {Wiley-Blackwell},
    url = {http://doi.wiley.com/10.1002/9780470125922.ch3},
    doi = {10.1002/9780470125922.ch3},
    keywords = {ab initio molecular orbital methods, benson's method, bond energy approach, enthalpy formation, gaseous compounds}
}

@article{Frebelius1996ThrombinAT,
    title = {{Thrombin Inhibition by Antithrombin III on the Subendothelium Is Explained by the Isoform AT{$\beta$}}},
    year = {1996},
    journal = {Arteriosclerosis, Thrombosis, and Vascular Biology},
    author = {Frebelius, Siw and Isaksson, Sven and Swedenborg, Jesper},
    number = {10},
    month = {10},
    pages = {1292--1297},
    volume = {16},
    url = {https://www.ahajournals.org/doi/10.1161/01.ATV.16.10.1292},
    doi = {10.1161/01.ATV.16.10.1292},
    issn = {1079-5642}
}

@article{Sankaranarayanan2014TowardProteins,
    title = {{Toward a robust computational screening strategy for identifying glycosaminoglycan sequences that display high specificity for target proteins}},
    year = {2014},
    journal = {Glycobiology},
    author = {Sankaranarayanan, Nehru Viji and Desai, Umesh R.},
    number = {12},
    pages = {1323--1333},
    volume = {24},
    doi = {10.1093/glycob/cwu077},
    issn = {14602423},
    pmid = {25049239},
    keywords = {Glycosaminoglycans, Heparin/heparan sulfate, Molecular docking, Specificity, Virtual screening}
}

@article{Pettersen2004UCSFAnalysis,
    title = {{UCSF Chimera - A visualization system for exploratory research and analysis}},
    year = {2004},
    journal = {Journal of Computational Chemistry},
    author = {Pettersen, Eric F. and Goddard, Thomas D. and Huang, Conrad C. and Couch, Gregory S. and Greenblatt, Daniel M. and Meng, Elaine C. and Ferrin, Thomas E.},
    isbn = {0192-8651 (Print){\textbackslash}n0192-8651 (Linking)},
    doi = {10.1002/jcc.20084},
    issn = {01928651},
    pmid = {15264254},
    arxivId = {arXiv:1011.1669v3},
    keywords = {Extensibility, Molecular graphics, Multiscale modeling, Sequence alignment, Visualization}
}

@article{Hsieh2016UncoveringSulphate,
    title = {{Uncovering the Relationship between Sulphation Patterns and Conformation of Iduronic Acid in Heparan Sulphate}},
    year = {2016},
    journal = {Scientific Reports},
    author = {Hsieh, Po Hung and Thieker, David F. and Guerrini, Marco and Woods, Robert J. and Liu, Jian},
    number = {May},
    pages = {1--8},
    volume = {6},
    publisher = {Nature Publishing Group},
    url = {http://dx.doi.org/10.1038/srep29602},
    isbn = {9198436511},
    doi = {10.1038/srep29602},
    issn = {20452322},
    pmid = {27412370}
}

@article{Hsieh2016UncoveringSulphateb,
    title = {{Uncovering the Relationship between Sulphation Patterns and Conformation of Iduronic Acid in Heparan Sulphate}},
    year = {2016},
    journal = {Scientific Reports},
    author = {Hsieh, Po-Hung and Thieker, David F. and Guerrini, Marco and Woods, Robert J. and Liu, Jian},
    number = {1},
    month = {9},
    pages = {29602},
    volume = {6},
    url = {http://www.nature.com/articles/srep29602},
    doi = {10.1038/srep29602},
    issn = {2045-2322}
}

@article{Nivedha2016Vina-Carb:Docking,
    title = {{Vina-Carb: Improving Glycosidic Angles during Carbohydrate Docking}},
    year = {2016},
    journal = {Journal of Chemical Theory and Computation},
    author = {Nivedha, Anita K. and Thieker, David F. and Makeneni, Spandana and Hu, Huimin and Woods, Robert J.},
    isbn = {0000000000000},
    doi = {10.1021/acs.jctc.5b00834},
    issn = {15499626},
    pmid = {26744922},
    arxivId = {15334406}
}

@article{Nivedha2016Vina-Carb:Dockingb,
    title = {{Vina-Carb: Improving Glycosidic Angles during Carbohydrate Docking}},
    year = {2016},
    journal = {Journal of Chemical Theory and Computation},
    author = {Nivedha, Anita K. and Thieker, David F. and Makeneni, Spandana and Hu, Huimin and Woods, Robert J.},
    number = {2},
    pages = {892--901},
    volume = {12},
    isbn = {0000000000000},
    doi = {10.1021/acs.jctc.5b00834},
    issn = {15499626},
    pmid = {26744922},
    arxivId = {15334406}
}

@article{Pagnotta2010WaterOther,
    title = {{Water and Trehalose: How Much Do They Interact with Each Other?}},
    year = {2010},
    journal = {The Journal of Physical Chemistry B},
    author = {Pagnotta, S. E. and McLain, S. E. and Soper, A. K. and Bruni, F. and Ricci, M. A.},
    number = {14},
    month = {4},
    pages = {4904--4908},
    volume = {114},
    publisher = { American Chemical Society},
    url = {http://pubs.acs.org/doi/abs/10.1021/jp911940h},
    doi = {10.1021/jp911940h},
    issn = {1520-6106}
}

@misc{Smyth2000XCrystallography,
    title = {{x Ray crystallography}},
    year = {2000},
    booktitle = {Journal of Clinical Pathology - Molecular Pathology},
    author = {Smyth, M. S. and Martin, J. H.J.},
    isbn = {1366-8714},
    doi = {10.1136/mp.53.1.8},
    issn = {13668714},
    pmid = {10884915},
    keywords = {Protein structure, Three dimensional structure, x ray crystallography}
}

@article{Chen2003ZDOCK:Algorithm,
    title = {{ZDOCK: An initial-stage protein-docking algorithm}},
    year = {2003},
    journal = {Proteins: Structure, Function, and Genetics},
    author = {Chen, Rong and Li, Li and Weng, Zhiping},
    number = {1},
    month = {7},
    pages = {80--87},
    volume = {52},
    publisher = {Wiley-Blackwell},
    url = {http://doi.wiley.com/10.1002/prot.10389},
    doi = {10.1002/prot.10389},
    issn = {0887-3585},
    keywords = {ZDOCK, binding free energy, initial‐stage docking, pairwise shape complementarity, protein docking, scoring function, shape complementarity}
}